@Article{husuObjectivelyMeasuredSedentary2016,
  title = {Objectively Measured Sedentary Behavior and Physical Activity of {{Finnish}} 7-to 14-Year-Old Children–associations with Perceived Health Status: A Cross-Sectional Study},
  volume = {16},
  shorttitle = {Objectively Measured Sedentary Behavior and Physical Activity of {{Finnish}} 7-to 14-Year-Old Children–associations with Perceived Health Status},
  number = {1},
  journaltitle = {BMC public health},
  date = {2016},
  pages = {338},
  author = {Pauliina Husu and Henri V{\"a}h{\"a}-Ypy{\"a} and Tommi Vasankari},
  file = {C:\\LocalData\\hema\\zotero\\storage\\3VS9VR5F\\s12889-016-3006-0.html;C:\\LocalData\\hema\\zotero\\storage\\B54NTQQN\\s12889-016-3006-0.html},
}
@Article{makelaPhysicalActivityScreen2016,
  title = {Physical {{Activity}}, {{Screen Time}} and {{Sleep}} among {{Youth Participating}} and {{Non}}-{{Participating}} in {{Organized Sports}}: {{The Finnish Health Promoting Sports Club}} ({{FHPSC}}) {{Study}}},
  volume = {6},
  shorttitle = {Physical {{Activity}}, {{Screen Time}} and {{Sleep}} among {{Youth Participating}} and {{Non}}-{{Participating}} in {{Organized Sports}}},
  journaltitle = {Advances in Physical Education},
  date = {2016},
  author = {Kasper M{\"a}kel{\"a} and Sami Kokko and Lasse Kannas and Jari Villberg and Tommi Vasankari and J. Olli Heinonen and Kai Savonen and Lauri Alanko and Raija Korpelainen and Harri Sel{\"a}nne},
  file = {C:\\LocalData\\hema\\zotero\\storage\\BDH8ZZAF\\Mäkelä et al. - 2016 - Physical Activity, Screen Time and Sleep among You.pdf;C:\\LocalData\\hema\\zotero\\storage\\TXSJ6FY3\\51859.html},
}
@Article{elgarSocioeconomicInequalitiesAdolescent2015,
  langid = {english},
  title = {Socioeconomic Inequalities in Adolescent Health 2002–2010: A Time-Series Analysis of 34 Countries Participating in the {{Health Behaviour}} in {{School}}-Aged {{Children}} Study},
  volume = {385},
  issn = {01406736},
  url = {http://linkinghub.elsevier.com/retrieve/pii/S0140673614614604},
  doi = {10.1016/S0140-6736(14)61460-4},
  shorttitle = {Socioeconomic Inequalities in Adolescent Health 2002–2010},
  number = {9982},
  journaltitle = {The Lancet},
  urldate = {2016-02-24},
  date = {2015-05},
  pages = {2088-2095},
  author = {Frank J Elgar and Timo-Kolja Pf{\"o}rtner and Irene Moor and Bart {De Clercq} and Gonneke W J M Stevens and Candace Currie},
}
@Article{dielemanTrendsFutureHealth2018,
  title = {Trends in Future Health Financing and Coverage: Future Health Spending and Universal Health Coverage in 188 Countries, 2016–40},
  volume = {391},
  shorttitle = {Trends in Future Health Financing and Coverage},
  number = {10132},
  journaltitle = {The Lancet},
  date = {2018},
  pages = {1783--1798},
  author = {Joseph L. Dieleman and Nafis Sadat and Angela Y. Chang and Nancy Fullman and Cristiana Abbafati and Pawan Acharya and Ars{\~A}\"{}ne Kouablan Adou and Aliasghar Ahmad Kiadaliri and Khurshid Alam and Reza Alizadeh-Navaei},
  file = {C:\\LocalData\\hema\\zotero\\storage\\FTDSVKF3\\Dieleman et al. - 2018 - Trends in future health financing and coverage fu;C:\\LocalData\\hema\\zotero\\storage\\4K6ZGAC9\\fulltext.html},
}
@Article{hynynenSystematicReviewSchoolbased2016,
  langid = {english},
  title = {A Systematic Review of School-Based Interventions Targeting Physical Activity and Sedentary Behaviour among Older Adolescents},
  volume = {9},
  issn = {1750-984X},
  doi = {10.1080/1750984X.2015.1081706},
  number = {1},
  journaltitle = {International Review of Sport and Exercise Psychology},
  shortjournal = {Int Rev Sport Exerc Psychol},
  date = {2016-01-01},
  pages = {22-44},
  keywords = {Adolescents,behaviour change techniques,physical activity,school-based intervention,sedentary behaviour},
  author = {S.-T. Hynynen and M. M. {van Stralen} and F. F. Sniehotta and V. Ara{\a'u}jo-Soares and W. Hardeman and M. J. M. Chinapaw and T. Vasankari and N. Hankonen},
  options = {useprefix=true},
  eprinttype = {pmid},
  eprint = {26807143},
  pmcid = {PMC4706019},
}
@Article{hankonenWhatExplainsSocioeconomic2017,
  title = {What Explains the Socioeconomic Status Gap in Activity? {{Educational}} Differences in Determinants of Physical Activity and Screentime},
  volume = {17},
  url = {https://bmcpublichealth.biomedcentral.com/articles/10.1186/s12889-016-3880-5},
  shorttitle = {What Explains the Socioeconomic Status Gap in Activity?},
  number = {1},
  journaltitle = {BMC public health},
  urldate = {2017-05-27},
  date = {2017},
  pages = {144},
  author = {Nelli Hankonen and Matti TJ Heino and Emilia Kujala and Sini-Tuuli Hynynen and Pilvikki Absetz and Vera Ara{\a'u}jo-Soares and Katja Borodulin and Ari Haukkala},
  file = {C:\\LocalData\\hema\\zotero\\storage\\DK55JWZN\\s12889-016-3880-5.html},
}
@Article{vansluijsPhysicalActivityDietary2008,
  title = {Physical Activity and Dietary Behaviour in a Population-Based Sample of {{British}} 10-Year Old Children: The {{SPEEDY}} Study ({{Sport}}, {{Physical}} Activity and {{Eating}} Behaviour: Environmental {{Determinants}} in {{Young}} People)},
  volume = {8},
  shorttitle = {Physical Activity and Dietary Behaviour in a Population-Based Sample of {{British}} 10-Year Old Children},
  number = {1},
  journaltitle = {BMC public health},
  date = {2008},
  pages = {388},
  author = {Esther MF {van Sluijs} and Paula ML Skidmore and Kim Mwanza and Andrew P. Jones and Alison M. Callaghan and Ulf Ekelund and Flo Harrison and Ian Harvey and Jenna Panter and Nicolas J. Wareham},
  options = {useprefix=true},
  file = {C:\\LocalData\\hema\\zotero\\storage\\2426HRDJ\\1471-2458-8-388.html;C:\\LocalData\\hema\\zotero\\storage\\267K5XBJ\\1471-2458-8-388.html},
}
@Article{craigDevelopingEvaluatingComplex2008,
  langid = {english},
  title = {Developing and Evaluating Complex Interventions: The New {{Medical Research Council}} Guidance},
  volume = {337},
  issn = {1756-1833},
  url = {http://www.bmj.com/content/337/bmj.a1655},
  doi = {10.1136/bmj.a1655},
  shorttitle = {Developing and Evaluating Complex Interventions},
  journaltitle = {BMJ},
  shortjournal = {BMJ},
  urldate = {2017-06-28},
  date = {2008-09-29},
  pages = {a1655},
  author = {Peter Craig and Paul Dieppe and Sally Macintyre and Susan Michie and Irwin Nazareth and Mark Petticrew},
  file = {C:\\LocalData\\hema\\zotero\\storage\\K8FQMGSN\\Craig et al_2008_Developing and evaluating complex interventions.pdf;C:\\LocalData\\hema\\zotero\\storage\\JHVPIZZX\\bmj.html},
  eprinttype = {pmid},
  eprint = {18824488},
}
@Article{rogersUsingProgrammeTheory2008a,
  title = {Using {{Programme Theory}} to {{Evaluate Complicated}} and {{Complex Aspects}} of {{Interventions}}},
  volume = {14},
  issn = {1356-3890},
  doi = {10.1177/1356389007084674},
  language = {en},
  number = {1},
  journal = {Evaluation},
  author = {Patricia J. Rogers},
  month = {jan},
  year = {2008},
  pages = {29-48},
}
@Article{vaha-ypyaUniversalAccurateIntensitybased2015,
  title = {A Universal, Accurate Intensity-Based Classification of Different Physical Activities Using Raw Data of Accelerometer},
  volume = {35},
  number = {1},
  journal = {Clinical physiology and functional imaging},
  author = {Henri V{\~A}{\textcurrency}h{\~A}{\textcurrency}-Ypy{\~A}{\textcurrency} and Tommi Vasankari and Pauliina Husu and Jaana Suni and Harri Siev{\"a}nen},
  year = {2015},
  pages = {64--70},
}
@Article{vaha-ypyaValidationCutpointsEvaluating2015,
  title = {Validation of Cut-Points for Evaluating the Intensity of Physical Activity with Accelerometry-Based Mean Amplitude Deviation ({{MAD}})},
  volume = {10},
  number = {8},
  journal = {PLoS One},
  author = {Henri V{\~A}{\textcurrency}h{\~A}{\textcurrency}-Ypy{\~A}{\textcurrency} and Tommi Vasankari and Pauliina Husu and Ari M{\"a}ntt{\"a}ri and Timo Vuorimaa and Jaana Suni and Harri Siev{\"a}nen},
  year = {2015},
  pages = {e0134813},
}
@Article{tremblaySedentaryBehaviorResearch2017,
  title = {Sedentary {{Behavior Research Network}} ({{SBRN}}) \textendash{} {{Terminology Consensus Project}} Process and Outcome},
  volume = {14},
  issn = {1479-5868},
  doi = {10.1186/s12966-017-0525-8},
  journal = {International Journal of Behavioral Nutrition and Physical Activity},
  author = {Mark S. Tremblay and Salom{\a'e} Aubert and Joel D. Barnes and Travis J. Saunders and Valerie Carson and Amy E. Latimer-Cheung and Sebastien F.M. Chastin and Teatske M. Altenburg and Mai J.M. Chinapaw},
  month = {jun},
  year = {2017},
  keywords = {Bouts,Breaks,Interruptions,Lying,Non-screen-based time,Physical inactivity,Reclining,Screen time,Sedentary behavior,Sitting,Standing,Stationary behavior},
  pages = {75},
}
@Article{tibshiraniRegressionShrinkageSelection1996,
  title = {Regression Shrinkage and Selection via the Lasso: A Retrospective},
  volume = {73},
  copyright = {\textcopyright{} 2011 Royal Statistical Society},
  issn = {1467-9868},
  shorttitle = {Regression Shrinkage and Selection via the Lasso},
  doi = {10.1111/j.1467-9868.2011.00771.x},
  language = {en},
  number = {3},
  journal = {Journal of the Royal Statistical Society: Series B (Statistical Methodology)},
  author = {Robert Tibshirani},
  year = {1996},
  keywords = {l1-penalty,Penalization,Regularization},
  pages = {273-282},
}
@Article{vaha-ypyaReliableRecognitionLying2018,
  title = {Reliable Recognition of Lying, Sitting, and Standing with a Hip-Worn Accelerometer},
  volume = {28},
  issn = {1600-0838},
  doi = {10.1111/sms.13017},
  language = {eng},
  number = {3},
  journal = {Scandinavian Journal of Medicine \& Science in Sports},
  author = {H. V{\~A}{\textcurrency}h{\~A}{\textcurrency}-Ypy{\~A}{\textcurrency} and P. Husu and J. Suni and T. Vasankari and H. Siev{\"a}nen},
  month = {mar},
  year = {2018},
  keywords = {body posture,objective measurement,physical activity,sedentary behavior,walking},
  pages = {1092-1102},
  pmid = {29144567},
}
@Article{mooreProcessEvaluationComplex2015,
  title = {Process Evaluation of Complex Interventions: {{Medical Research Council}} Guidance},
  volume = {350},
  copyright = {\textcopyright{} Moore et al 2015.            This is an Open Access article distributed in accordance with the terms of the Creative Commons Attribution (CC BY 4.0) license, which permits others to distribute, remix, adapt and build upon this work, for commercial use, provided the original work is properly cited. See: http://creativecommons.org/licenses/by/4.0/.},
  issn = {1756-1833},
  shorttitle = {Process Evaluation of Complex Interventions},
  doi = {10.1136/bmj.h1258},
  language = {en},
  journal = {BMJ},
  author = {Graham F. Moore and Suzanne Audrey and Mary Barker and Lyndal Bond and Chris Bonell and Wendy Hardeman and Laurence Moore and Alicia O'Cathain and Tannaze Tinati and Daniel Wight and Janis Baird},
  month = {mar},
  year = {2015},
  pages = {h1258},
  pmid = {25791983},
}

@Article{mooreProcessEvaluationComplex2015,
  title = {Process Evaluation of Complex Interventions: {{Medical Research Council}} Guidance},
  volume = {350},
  copyright = {\textcopyright{} Moore et al 2015.            This is an Open Access article distributed in accordance with the terms of the Creative Commons Attribution (CC BY 4.0) license, which permits others to distribute, remix, adapt and build upon this work, for commercial use, provided the original work is properly cited. See: http://creativecommons.org/licenses/by/4.0/.},
  issn = {1756-1833},
  shorttitle = {Process Evaluation of Complex Interventions},
  doi = {10.1136/bmj.h1258},
  language = {en},
  journal = {BMJ},
  author = {Graham F. Moore and Suzanne Audrey and Mary Barker and Lyndal Bond and Chris Bonell and Wendy Hardeman and Laurence Moore and Alicia O'Cathain and Tannaze Tinati and Daniel Wight and Janis Baird},
  month = {mar},
  year = {2015},
  pages = {h1258},
  pmid = {25791983},
  note = {00449},
}
@Article{hankonenLetMoveIt2016,
  title = {`{{Let}}'s {{Move It}}' \textendash{} a School-Based Multilevel Intervention to Increase Physical Activity and Reduce Sedentary Behaviour among Older Adolescents in Vocational Secondary Schools: A Study Protocol for a Cluster-Randomised Trial},
  volume = {16},
  issn = {1471-2458},
  shorttitle = {`{{Let}}'s {{Move It}}' \textendash{} a School-Based Multilevel Intervention to Increase Physical Activity and Reduce Sedentary Behaviour among Older Adolescents in Vocational Secondary Schools},
  doi = {10.1186/s12889-016-3094-x},
  journal = {BMC Public Health},
  author = {Nelli Hankonen and Matti T. J. Heino and Vera Araujo-Soares and Falko F. Sniehotta and Reijo Sund and Tommi Vasankari and Pilvikki Absetz and Katja Borodulin and Antti Uutela and Taru Lintunen and Ari Haukkala},
  year = {2016},
  keywords = {behaviour change,Complex intervention,Adolescents,physical activity,school-based intervention,Sedentary Behavior,Accelerometer,Vocational school},
  pages = {451-466},
}

@Article{hankonenLetMoveIt2016,
  title = {`{{Let}}'s {{Move It}}' - a School-Based Multilevel Intervention to Increase Physical Activity and Reduce Sedentary Behaviour among Older Adolescents in Vocational Secondary Schools: A Study Protocol for a Cluster-Randomised Trial},
  volume = {16},
  issn = {1471-2458},
  shorttitle = {`{{Let}}'s {{Move It}}' \textendash{} a School-Based Multilevel Intervention to Increase Physical Activity and Reduce Sedentary Behaviour among Older Adolescents in Vocational Secondary Schools},
  doi = {10.1186/s12889-016-3094-x},
  journal = {BMC Public Health},
  author = {Nelli Hankonen and Matti T. J. Heino and Vera Araujo-Soares and Falko F. Sniehotta and Reijo Sund and Tommi Vasankari and Pilvikki Absetz and Katja Borodulin and Antti Uutela and Taru Lintunen and Ari Haukkala},
  year = {2016},
  keywords = {behaviour change,Complex intervention,Adolescents,physical activity,school-based intervention,Sedentary Behavior,Accelerometer,Vocational school},
  pages = {451-466},
  note = {00004},
}
@Book{fagtNordicMonitoringDiet2012,
  title = {Nordic {{Monitoring}} of Diet, Physical Activity and Overweight : {{Validation}} of Indicators},
  shorttitle = {Nordic {{Monitoring}} of Diet, Physical Activity and Overweight},
  language = {eng},
  publisher = {{Nordic Council of Ministers}},
  author = {S. Fagt and L. F. Andersen and S. A. Anderssen and W. Becker and K. Borodulin and M. Fogelholm and M. V. Groth and I. Gunnarsdottir and S. Helakorpi and E. {Kolle E} and J. Matthiessen and M. Rosenlund-S{\o}rensen and R. Simonen and T. Sveinsson and T. Tammelin and H. Thorgeirsdottir and L. Valsta and E. Trolle},
  year = {2012},
}
@Article{epskampTutorialRegularizedPartial2018,
  archiveprefix = {arXiv},
  eprinttype = {arxiv},
  eprint = {1607.01367},
  title = {A {{Tutorial}} on {{Regularized Partial Correlation Networks}}},
  issn = {1939-1463, 1082-989X},
  doi = {10.1037/met0000167},
  journal = {Psychological Methods},
  author = {Sacha Epskamp and Eiko I. Fried},
  month = {mar},
  year = {2018},
  keywords = {Statistics - Applications,Statistics - Methodology},
}
@Article{mottusWhyTraitsCome2017,
  title = {Why Do Traits Come Together? {{The}} Underlying Trait and Network Approaches},
  volume = {1},
  shorttitle = {Why Do Traits Come Together?},
  journal = {SAGE handbook of personality and individual differences},
  author = {Ren{\~A}{\textcopyright} M{\~o}ttus and Mike Allerhand},
  year = {2017},
  pages = {1--22},
}
@Article{dalegeFormalizedAccountAttitudes2016,
  title = {Toward a Formalized Account of Attitudes: {{The Causal Attitude Network}} ({{CAN}}) Model.},
  volume = {123},
  issn = {1939-1471, 0033-295X},
  shorttitle = {Toward a Formalized Account of Attitudes},
  doi = {10.1037/a0039802},
  language = {en},
  number = {1},
  journal = {Psychological Review},
  author = {Jonas Dalege and Denny Borsboom and Frenk {van Harreveld} and Helma {van den Berg} and Mark Conner and Han L. J. {van der Maas}},
  year = {2016},
  pages = {2-22},
}
@Article{dalegeNetworkStructureExplains2017,
  title = {Network Structure Explains the Impact of Attitudes on Voting Decisions},
  volume = {7},
  number = {1},
  journal = {Scientific reports},
  author = {Jonas Dalege and Denny Borsboom and Frenk Harreveld and Lourens J. Waldorp and Han LJ Maas},
  year = {2017},
  pages = {4909},
}

@Article{dalegeNetworkAnalysisAttitudes2017,
  title = {Network Analysis on Attitudes: A Brief Tutorial},
  volume = {8},
  shorttitle = {Network Analysis on Attitudes},
  number = {5},
  journal = {Social psychological and personality science},
  author = {Jonas Dalege and Denny Borsboom and Frenk {van Harreveld} and Han LJ {van der Maas}},
  year = {2017},
  pages = {528--537},
}
@Unpublished{vandermaasNetworkModelsCognitive2017,
  type = {Preprint},
  title = {Network {{Models}} for {{Cognitive Development}} and {{Intelligence}}},
  author = {Han {Van Der Maas} and Kees-Jan Kan and Maarten Marsman and Claire E. Stevenson},
  year = {2017},
}
@Article{friedMentalDisordersNetworks2017,
  title = {Mental Disorders as Networks of Problems: A Review of Recent Insights},
  volume = {52},
  shorttitle = {Mental Disorders as Networks of Problems},
  number = {1},
  journal = {Social Psychiatry and Psychiatric Epidemiology},
  author = {Eiko I. Fried and Claudia D. {van Borkulo} and Ang{\a'e}lique OJ Cramer and Lynn Boschloo and Robert A. Schoevers and Denny Borsboom},
  year = {2017},
  pages = {1--10},
}
@Article{brigantiNetworkAnalysisEmpathy2018,
  title = {Network Analysis of Empathy Items from the Interpersonal Reactivity Index in 1973 Young Adults},
  volume = {265},
  issn = {01651781},
  doi = {10.1016/j.psychres.2018.03.082},
  language = {en},
  journal = {Psychiatry Research},
  author = {Giovanni Briganti and Chantal Kempenaers and St{\a'e}phanie Braun and Eiko I. Fried and Paul Linkowski},
  month = {jul},
  year = {2018},
  pages = {87-92},
}
@Article{epskampEstimatingPsychologicalNetworks2016,
  title = {Estimating {{Psychological Networks}} and Their {{Stability}}: A {{Tutorial Paper}}},
  shorttitle = {Estimating {{Psychological Networks}} and Their {{Stability}}},
  journal = {arXiv preprint arXiv:1604.08462},
  author = {Sacha Epskamp and Denny Borsboom and Eiko I. Fried},
  year = {2016},
}
@Article{costantiniStateARtPersonality2015,
  title = {State of the {{aRt}} Personality Research: {{A}} Tutorial on Network Analysis of Personality Data in {{R}}},
  volume = {54},
  issn = {00926566},
  shorttitle = {State of the {{aRt}} Personality Research},
  doi = {10.1016/j.jrp.2014.07.003},
  language = {en},
  journal = {Journal of Research in Personality},
  author = {Giulio Costantini and Sacha Epskamp and Denny Borsboom and Marco Perugini and Ren{\~A}{\textcopyright} M{\~o}ttus and Lourens J. Waldorp and Ang{\~A}{\textcopyright}lique O.J. Cramer},
  month = {feb},
  year = {2015},
  pages = {13-29},
}
@Article{costantiniStabilityVariabilityPersonality2017,
  title = {Stability and Variability of Personality Networks. {{A}} Tutorial on Recent Developments in Network Psychometrics},
  issn = {0191-8869},
  doi = {10.1016/j.paid.2017.06.011},
  journal = {Personality and Individual Differences},
  author = {Giulio Costantini and Juliette Richetin and Emanuele Preti and Erica Casini and Sacha Epskamp and Marco Perugini},
  month = {jun},
  year = {2017},
  keywords = {Agency,Centrality,Communion,Fused Graphical Lasso,Network analysis},
}
@Article{hankonenRandomisedControlledFeasibility2017,
  title = {Randomised Controlled Feasibility Study of a School-Based Multi-Level Intervention to Increase Physical Activity and Decrease Sedentary Behaviour among Vocational School Students},
  volume = {14},
  issn = {1479-5868},
  doi = {10.1186/s12966-017-0484-0},
  language = {en},
  number = {1},
  journal = {International Journal of Behavioral Nutrition and Physical Activity},
  author = {Nelli Hankonen and Matti T. J. Heino and Sini-Tuuli Hynynen and Hanna Laine and Vera Ara{\a'u}jo-Soares and Falko F. Sniehotta and Tommi Vasankari and Reijo Sund and Ari Haukkala},
  month = {dec},
  year = {2017},
}

@Article{hankonenRandomisedControlledFeasibility2017,
  title = {Randomised Controlled Feasibility Study of a School-Based Multi-Level Intervention to Increase Physical Activity and Decrease Sedentary Behaviour among Vocational School Students},
  volume = {14},
  issn = {1479-5868},
  doi = {10.1186/s12966-017-0484-0},
  journal = {International Journal of Behavioral Nutrition and Physical Activity},
  author = {Nelli Hankonen and Matti T. J. Heino and Sini-Tuuli Hynynen and Hanna Laine and Vera Ara{\a'u}jo-Soares and Falko F. Sniehotta and Tommi Vasankari and Reijo Sund and Ari Haukkala},
  year = {2017},
  keywords = {Self-regulation,Self-determination theory,Acceptability,Behaviour change technique use,Feasibility,Pilot trial,Planning,Vocational upper secondary school},
  pages = {37},
  note = {00000},
}
@Book{rcoreteamLanguageEnvironmentStatistical2017,
  address = {Vienna, Austria},
  title = {R: {{A Language}} and {{Environment}} for {{Statistical Computing}}},
  publisher = {{R Foundation for Statistical Computing}},
  author = {{R Core Team}},
  year = {2017},
  note = {00054},
}
@Misc{rstudioteamRStudioIntegratedDevelopment2016,
  address = {Boston, MA},
  title = {{{RStudio}}: {{Integrated Development Environment}} for {{R}}},
  publisher = {{RStudio, Inc.}},
  author = {{RStudio Team}},
  year = {2016},
  note = {00008},
}
@Article{simmonsFalsePositivePsychologyUndisclosed2011,
  title = {False-{{Positive Psychology Undisclosed Flexibility}} in {{Data Collection}} and {{Analysis Allows Presenting Anything}} as {{Significant}}},
  volume = {22},
  issn = {0956-7976, 1467-9280},
  doi = {10.1177/0956797611417632},
  language = {en},
  number = {11},
  journal = {Psychological Science},
  author = {Joseph P. Simmons and Leif D. Nelson and Uri Simonsohn},
  month = {nov},
  year = {2011},
  keywords = {Data Collection,Humans,Data Interpretation; Statistical,Research Design,Adult,Computer Simulation,disclosure,methodology,motivated reasoning,Peer Review; Research,Practice Guidelines as Topic,publication,Publications,Research Personnel,Statistics as Topic,Young Adult},
  pages = {1359-1366},
  pmid = {22006061},
}
@Article{lakensJustifyYourAlpha2018,
  title = {Justify Your Alpha},
  volume = {2},
  copyright = {2018 The Publisher},
  issn = {2397-3374},
  doi = {10.1038/s41562-018-0311-x},
  language = {en},
  number = {3},
  journal = {Nature Human Behaviour},
  author = {Daniel Lakens and Federico G. Adolfi and Casper J. Albers and Farid Anvari and Matthew A. J. Apps and Shlomo E. Argamon and Thom Baguley and Raymond B. Becker and Stephen D. Benning and Daniel E. Bradford and Erin M. Buchanan and Aaron R. Caldwell and Ben Van Calster and Rickard Carlsson and Sau-Chin Chen and Bryan Chung and Lincoln J. Colling and Gary S. Collins and Zander Crook and Emily S. Cross and Sameera Daniels and Henrik Danielsson and Lisa DeBruine and Daniel J. Dunleavy and Brian D. Earp and Michele I. Feist and Jason D. Ferrell and James G. Field and Nicholas W. Fox and Amanda Friesen and Caio Gomes and Monica Gonzalez-Marquez and James A. Grange and Andrew P. Grieve and Robert Guggenberger and James Grist and Anne-Laura {van Harmelen} and Fred Hasselman and Kevin D. Hochard and Mark R. Hoffarth and Nicholas P. Holmes and Michael Ingre and Peder M. Isager and Hanna K. Isotalus and Christer Johansson and Konrad Juszczyk and David A. Kenny and Ahmed A. Khalil and Barbara Konat and Junpeng Lao and Erik Gahner Larsen and Gerine M. A. Lodder and Ji{\v r}{\a'\i} Lukavsk\'y and Christopher R. Madan and David Manheim and Stephen R. Martin and Andrea E. Martin and Deborah G. Mayo and Randy J. McCarthy and Kevin McConway and Colin McFarland and Amanda Q. X. Nio and Gustav Nilsonne and Cilene Lino {de Oliveira} and Jean-Jacques Orban {de Xivry} and Sam Parsons and Gerit Pfuhl and Kimberly A. Quinn and John J. Sakon and S. Adil Saribay and Iris K. Schneider and Manojkumar Selvaraju and Zsuzsika Sjoerds and Samuel G. Smith and Tim Smits and Jeffrey R. Spies and Vishnu Sreekumar and Crystal N. Steltenpohl and Neil Stenhouse and Wojciech {\a'S}wi{\k a}tkowski and Miguel A. Vadillo and Marcel A. L. M. Van Assen and Matt N. Williams and Samantha E. Williams and Donald R. Williams and Tal Yarkoni and Ignazio Ziano and Rolf A. Zwaan},
  month = {mar},
  year = {2018},
  pages = {168-171},
}
@Article{nickersonNullHypothesisSignificance2000,
  title = {Null Hypothesis Significance Testing: {{A}} Review of an Old and Continuing Controversy.},
  volume = {5},
  copyright = {\textcopyright{} American Psychological Association 2000},
  issn = {1082-989X},
  shorttitle = {Null Hypothesis Significance Testing},
  doi = {http://dx.doi.org/10.1037/1082-989X.5.2.241},
  language = {English},
  number = {2},
  journal = {Psychological Methods},
  author = {Raymond S. Nickerson},
  month = {jun},
  year = {2000},
  keywords = {Null Hypothesis Testing (major),Statistical Analysis (major)},
  pages = {241-301},
}

@Article{haigTestsStatisticalSignificance2016,
  title = {Tests of {{Statistical Significance Made Sound}}},
  issn = {0013-1644, 1552-3888},
  doi = {10.1177/0013164416667981},
  language = {en},
  journal = {Educational and Psychological Measurement},
  author = {B. D. Haig},
  month = {oct},
  year = {2016},
}

@Article{nickersonNullHypothesisSignificance2000,
  title = {Null Hypothesis Significance Testing: {{A}} Review of an Old and Continuing Controversy.},
  volume = {5},
  copyright = {\textcopyright{} American Psychological Association 2000},
  issn = {1082-989X},
  shorttitle = {Null Hypothesis Significance Testing},
  doi = {http://dx.doi.org/10.1037/1082-989X.5.2.241},
  language = {English},
  number = {2},
  journal = {Psychological Methods},
  author = {Raymond S. Nickerson},
  month = {jun},
  year = {2000},
  keywords = {Null Hypothesis Testing (major),Statistical Analysis (major)},
  pages = {241-301},
  note = {00855},
}

@Article{haigTestsStatisticalSignificance2016,
  title = {Tests of {{Statistical Significance Made Sound}}},
  issn = {0013-1644, 1552-3888},
  doi = {10.1177/0013164416667981},
  language = {en},
  journal = {Educational and Psychological Measurement},
  author = {B. D. Haig},
  month = {oct},
  year = {2016},
  note = {00004},
}
@Article{laiEstimatingStandardizedEffect2016,
  title = {Estimating {{Standardized Effect Sizes}} for {{Two}}- and {{Three}}-{{Level Partially Nested Data}}},
  volume = {51},
  issn = {0027-3171},
  doi = {10.1080/00273171.2016.1231606},
  number = {6},
  journal = {Multivariate Behavioral Research},
  author = {Mark H. C. Lai and Oi-man Kwok},
  month = {nov},
  year = {2016},
  keywords = {Effect size,multilevel,partial clustering,partially nested},
  pages = {740-756},
  pmid = {27802077},
}
@Article{laiFinitePopulationCorrection2018,
  title = {Finite Population Correction for Two-Level Hierarchical Linear Models.},
  volume = {23},
  number = {1},
  journal = {Psychological methods},
  author = {Mark HC Lai and Oi-man Kwok and Yu-Yu Hsiao and Qian Cao},
  year = {2018},
  pages = {94},
}
@Article{kievitSimpsonParadoxPsychological2013,
  title = {Simpson's Paradox in Psychological Science: A Practical Guide},
  volume = {4},
  issn = {1664-1078},
  shorttitle = {Simpson's Paradox in Psychological Science},
  doi = {10.3389/fpsyg.2013.00513},
  journal = {Frontiers in Psychology},
  author = {Rogier A. Kievit and Willem E. Frankenhuis and Lourens J. Waldorp and Denny Borsboom},
  month = {aug},
  year = {2013},
  pmid = {23964259},
  pmcid = {PMC3740239},
}
