@Manual{R-base,
  title = {R: A Language and Environment for Statistical Computing},
  author = {{R Core Team}},
  organization = {R Foundation for Statistical Computing},
  address = {Vienna, Austria},
  year = {2018},
  url = {https://www.R-project.org/},
}
@Manual{R-bindrcpp,
  title = {bindrcpp: An 'Rcpp' Interface to Active Bindings},
  author = {Kirill Müller},
  year = {2018},
  note = {R package version 0.2.2},
  url = {https://CRAN.R-project.org/package=bindrcpp},
}
@Book{R-bookdown,
  title = {bookdown: Authoring Books and Technical Documents with {R} Markdown},
  author = {Yihui Xie},
  publisher = {Chapman and Hall/CRC},
  address = {Boca Raton, Florida},
  year = {2016},
  note = {ISBN 978-1138700109},
  url = {https://github.com/rstudio/bookdown},
}
@Article{R-bootnet,
  title = {Estimating Psychological Networks and their Accuracy: A Tutorial Paper},
  author = {Sacha Epskamp and Denny Borsboom and Eiko I. Fried},
  journal = {Behavior Research Methods},
  url = {https://arxiv.org/abs/1604.08462},
  year = {2017},
}
@Article{R-brms_a,
  title = {{brms}: An {R} Package for {Bayesian} Multilevel Models Using {Stan}},
  author = {Paul-Christian Bürkner},
  journal = {Journal of Statistical Software},
  year = {2017},
  volume = {80},
  number = {1},
  pages = {1--28},
  doi = {10.18637/jss.v080.i01},
  encoding = {UTF-8},
}
@Article{R-brms_b,
  title = {Advanced {Bayesian} Multilevel Modeling with the {R} Package {brms}},
  author = {Paul-Christian Bürkner},
  journal = {The R Journal},
  year = {in press},
  encoding = {UTF-8},
}
@Manual{R-brmstools,
  title = {brmstools: Tools and Helpers for brms Package},
  author = {Matti Vuorre},
  year = {2017},
  note = {R package version 0.5.1},
}
@Manual{R-broom,
  title = {broom: Convert Statistical Analysis Objects into Tidy Data Frames},
  author = {David Robinson},
  year = {2018},
  note = {R package version 0.4.4},
  url = {https://CRAN.R-project.org/package=broom},
}
@Manual{R-corrgram,
  title = {corrgram: Plot a Correlogram},
  author = {Kevin Wright},
  year = {2017},
  note = {R package version 1.12},
  url = {https://CRAN.R-project.org/package=corrgram},
}
@Manual{R-devtools,
  title = {devtools: Tools to Make Developing R Packages Easier},
  author = {Hadley Wickham and Jim Hester and Winston Chang},
  year = {2018},
  note = {R package version 1.13.6},
  url = {https://CRAN.R-project.org/package=devtools},
}
@Manual{R-dplyr,
  title = {dplyr: A Grammar of Data Manipulation},
  author = {Hadley Wickham and Romain François and Lionel Henry and Kirill Müller},
  year = {2018},
  note = {R package version 0.7.6},
  url = {https://CRAN.R-project.org/package=dplyr},
}
@Manual{R-EstimateGroupNetwork,
  title = {EstimateGroupNetwork: Perform the Joint Graphical Lasso and Selects Tuning Parameters},
  author = {Giulio Costantini and Sacha Epskamp},
  year = {2017},
  note = {R package version 0.1.2},
  url = {https://CRAN.R-project.org/package=EstimateGroupNetwork},
}
@Manual{R-forcats,
  title = {forcats: Tools for Working with Categorical Variables (Factors)},
  author = {Hadley Wickham},
  year = {2018},
  note = {R package version 0.3.0},
  url = {https://CRAN.R-project.org/package=forcats},
}
@Book{R-ggplot2,
  author = {Hadley Wickham},
  title = {ggplot2: Elegant Graphics for Data Analysis},
  publisher = {Springer-Verlag New York},
  year = {2016},
  isbn = {978-3-319-24277-4},
  url = {http://ggplot2.org},
}
@Manual{R-ggridges,
  title = {ggridges: Ridgeline Plots in 'ggplot2'},
  author = {Claus O. Wilke},
  year = {2018},
  note = {R package version 0.5.0},
  url = {https://CRAN.R-project.org/package=ggridges},
}
@Manual{R-ggstatsplot,
  title = {ggstatsplot: 'ggplot2' Based Plots with Statistical Details},
  author = {Indrajeet Patil},
  year = {2018},
  note = {R package version 0.0.3},
  url = {https://CRAN.R-project.org/package=ggstatsplot},
}
@Manual{R-gridExtra,
  title = {gridExtra: Miscellaneous Functions for "Grid" Graphics},
  author = {Baptiste Auguie},
  year = {2017},
  note = {R package version 2.3},
  url = {https://CRAN.R-project.org/package=gridExtra},
}
@Manual{R-haven,
  title = {haven: Import and Export 'SPSS', 'Stata' and 'SAS' Files},
  author = {Hadley Wickham and Evan Miller},
  year = {2018},
  note = {R package version 1.1.2},
  url = {https://CRAN.R-project.org/package=haven},
}
@Article{R-igraph,
  title = {The igraph software package for complex network research},
  author = {Gabor Csardi and Tamas Nepusz},
  journal = {InterJournal},
  volume = {Complex Systems},
  pages = {1695},
  year = {2006},
  url = {http://igraph.org},
}
@Book{R-knitr,
  title = {Dynamic Documents with {R} and knitr},
  author = {Yihui Xie},
  publisher = {Chapman and Hall/CRC},
  address = {Boca Raton, Florida},
  year = {2015},
  edition = {2nd},
  note = {ISBN 978-1498716963},
  url = {https://yihui.name/knitr/},
}
@Article{R-lavaan,
  title = {{lavaan}: An {R} Package for Structural Equation Modeling},
  author = {Yves Rosseel},
  journal = {Journal of Statistical Software},
  year = {2012},
  volume = {48},
  number = {2},
  pages = {1--36},
  url = {http://www.jstatsoft.org/v48/i02/},
}
@Article{R-lme4,
  title = {Fitting Linear Mixed-Effects Models Using {lme4}},
  author = {Douglas Bates and Martin M{\"a}chler and Ben Bolker and Steve Walker},
  journal = {Journal of Statistical Software},
  year = {2015},
  volume = {67},
  number = {1},
  pages = {1--48},
  doi = {10.18637/jss.v067.i01},
}
@Manual{R-Matrix,
  title = {Matrix: Sparse and Dense Matrix Classes and Methods},
  author = {Douglas Bates and Martin Maechler},
  year = {2018},
  note = {R package version 1.2-14},
  url = {https://CRAN.R-project.org/package=Matrix},
}
@Article{R-mgm,
  title = {mgm: Structure Estimation for Time-Varying Mixed Graphical Models in high-dimensional Data},
  author = {Jonas M. B. Haslbeck and Lourens J. Waldorp},
  journal = {arXiv preprint:1510.06871v2},
  year = {2016},
  url = {http://arxiv.org/abs/1510.06871v2},
}
@Manual{R-mlmRev,
  title = {mlmRev: Examples from Multilevel Modelling Software Review},
  author = {Douglas Bates and Martin Maechler and Ben Bolker},
  year = {2014},
  note = {R package version 1.0-6},
  url = {https://CRAN.R-project.org/package=mlmRev},
}
@Manual{R-NetworkComparisonTest,
  title = {NetworkComparisonTest: Statistical Comparison of Two Networks Based on Three Invariance
Measures},
  author = {Claudia D. {van Borkulo} and with contributions from Sacha Epskamp and Alex Millner},
  year = {2016},
  note = {R package version 2.0.1},
  url = {https://CRAN.R-project.org/package=NetworkComparisonTest},
}
@Manual{R-pacman,
  title = {{pacman}: {P}ackage Management for {R}},
  author = {Tyler W. Rinker and Dason Kurkiewicz},
  organization = {University at Buffalo/SUNY},
  address = {Buffalo, New York},
  note = {version 0.4.6},
  year = {2017},
  url = {http://github.com/trinker/pacman},
}
@Manual{R-papaja,
  author = {Frederik Aust and Marius Barth},
  title = {{papaja}: {Create} {APA} manuscripts with {R Markdown}},
  year = {2018},
  note = {R package version 0.1.0.9709},
  url = {https://github.com/crsh/papaja},
}
@Manual{R-patchwork,
  title = {patchwork: The Composer of ggplots},
  author = {Thomas Lin Pedersen},
  year = {2017},
  note = {R package version 0.0.1},
  url = {https://github.com/thomasp85/patchwork},
}
@Manual{R-psych,
  title = {psych: Procedures for Psychological, Psychometric, and Personality Research},
  author = {William Revelle},
  organization = { Northwestern University},
  address = { Evanston, Illinois},
  year = {2018},
  note = {R package version 1.8.4},
  url = {https://CRAN.R-project.org/package=psych},
}
@Manual{R-purrr,
  title = {purrr: Functional Programming Tools},
  author = {Lionel Henry and Hadley Wickham},
  year = {2018},
  note = {R package version 0.2.5},
  url = {https://CRAN.R-project.org/package=purrr},
}
@Article{R-qgraph,
  title = {{qgraph}: Network Visualizations of Relationships in Psychometric Data},
  author = {Sacha Epskamp and Ang\'elique O. J. Cramer and Lourens J. Waldorp and Verena D. Schmittmann and Denny Borsboom},
  journal = {Journal of Statistical Software},
  year = {2012},
  volume = {48},
  number = {4},
  pages = {1--18},
  url = {http://www.jstatsoft.org/v48/i04/},
}
@Article{R-Rcpp_a,
  title = {{Rcpp}: Seamless {R} and {C++} Integration},
  author = {Dirk Eddelbuettel and Romain Fran\c{c}ois},
  journal = {Journal of Statistical Software},
  year = {2011},
  volume = {40},
  number = {8},
  pages = {1--18},
  url = {http://www.jstatsoft.org/v40/i08/},
  doi = {10.18637/jss.v040.i08},
}
@Article{R-Rcpp_b,
  title = {{Extending 	extit{R} with 	extit{C++}: A Brief Introduction to 	extit{Rcpp}}},
  author = {Dirk Eddelbuettel and James Joseph Balamuta},
  journal = {PeerJ Preprints},
  year = {2017},
  month = {aug},
  volume = {5},
  pages = {e3188v1},
  issn = {2167-9843},
  url = {https://doi.org/10.7287/peerj.preprints.3188v1},
  doi = {10.7287/peerj.preprints.3188v1},
}
@Manual{R-readr,
  title = {readr: Read Rectangular Text Data},
  author = {Hadley Wickham and Jim Hester and Romain Francois},
  year = {2017},
  note = {R package version 1.1.1},
  url = {https://CRAN.R-project.org/package=readr},
}
@Misc{R-rstanarm,
  title = {rstanarm: {Bayesian} applied regression modeling via {Stan}.},
  author = {{Stan Development Team}},
  note = {R package version 2.13.1},
  year = {2016},
  url = {http://mc-stan.org/},
}
@Manual{R-shiny,
  title = {shiny: Web Application Framework for R},
  author = {Winston Chang and Joe Cheng and JJ Allaire and Yihui Xie and Jonathan McPherson},
  year = {2018},
  note = {R package version 1.1.0},
  url = {https://CRAN.R-project.org/package=shiny},
}
@Manual{R-sjPlot,
  title = {sjPlot: Data Visualization for Statistics in Social Science},
  author = {Daniel Lüdecke},
  year = {2018},
  note = {R package version 2.4.1},
  url = {https://CRAN.R-project.org/package=sjPlot},
}
@Manual{R-sjstats,
  title = {sjstats: Statistical Functions for Regression Models},
  author = {Daniel Lüdecke},
  year = {2018},
  note = {R package version 0.15.0},
  url = {https://CRAN.R-project.org/package=sjstats},
}
@Manual{R-sm,
  title = {{R} package \texttt{sm}: nonparametric smoothing methods (version 2.2-5.5)},
  author = {A. W. Bowman and A. Azzalini},
  address = {University of Glasgow, UK and Universit\`a di Padova, Italia},
  year = {2014},
  url = {http://www.stats.gla.ac.uk/~adrian/sm/},
}
@Manual{R-stringr,
  title = {stringr: Simple, Consistent Wrappers for Common String Operations},
  author = {Hadley Wickham},
  year = {2018},
  note = {R package version 1.3.1},
  url = {https://CRAN.R-project.org/package=stringr},
}
@Manual{R-tibble,
  title = {tibble: Simple Data Frames},
  author = {Kirill Müller and Hadley Wickham},
  year = {2018},
  note = {R package version 1.4.2},
  url = {https://CRAN.R-project.org/package=tibble},
}
@Manual{R-tidyr,
  title = {tidyr: Easily Tidy Data with 'spread()' and 'gather()' Functions},
  author = {Hadley Wickham and Lionel Henry},
  year = {2018},
  note = {R package version 0.8.1},
  url = {https://CRAN.R-project.org/package=tidyr},
}
@Manual{R-tidyverse,
  title = {tidyverse: Easily Install and Load the 'Tidyverse'},
  author = {Hadley Wickham},
  year = {2017},
  note = {R package version 1.2.1},
  url = {https://CRAN.R-project.org/package=tidyverse},
}
@Article{R-userfriendlyscience,
  title = {Diamond plots: a tutorial to introduce a visualisation tool that facilitates interpretation and comparison of multiple sample estimates while respecting their inaccuracy},
  author = {Gjalt-Jorn Ygram Peters},
  journal = {PsyArXiv},
  year = {2017},
  url = {https://psyarxiv.com/fzh6c},
}
@Manual{R-viridis,
  title = {viridis: Default Color Maps from 'matplotlib'},
  author = {Simon Garnier},
  year = {2018},
  note = {R package version 0.5.1},
  url = {https://CRAN.R-project.org/package=viridis},
}
@Manual{R-viridisLite,
  title = {viridisLite: Default Color Maps from 'matplotlib' (Lite Version)},
  author = {Simon Garnier},
  year = {2018},
  note = {R package version 0.3.0},
  url = {https://CRAN.R-project.org/package=viridisLite},
}
@Article{R-visreg,
  author = {Patrick Breheny and Woodrow Burchett},
  title = {Visualization of Regression Models Using visreg},
  journal = {The R Journal},
  year = {2017},
  volume = {9},
  pages = {56--71},
  number = {2},
}
