@article{khomamiAllScientificPapers2016,
  entrysubtype = {newspaper},
  langid = {british},
  title = {All Scientific Papers to Be Free by 2020 under {{EU}} Proposals},
  issn = {0261-3077},
  url = {https://web.archive.org/web/20170329092259/https://www.theguardian.com/science/2016/may/28/eu-ministers-2020-target-free-access-scientific-papers},
  journaltitle = {The Guardian},
  journalsubtitle = {Science},
  urldate = {2017-03-29},
  date = {2016-05-28},
  keywords = {Europe,Research,European Union,Open access scientific publishing,Peer review and scientific publishing,Science,World news},
  author = {Khomami, Nadia},
  file = {C:\\LocalData\\hema\\zotero\\storage\\ZJ5MI42V\\eu-ministers-2020-target-free-access-scientific-papers.html}
}


@article{wilkinsonFAIRGuidingPrinciples2016,
  langid = {english},
  title = {The {{FAIR Guiding Principles}} for Scientific Data Management and Stewardship},
  volume = {3},
  issn = {2052-4463},
  url = {http://www.nature.com/articles/sdata201618},
  doi = {10.1038/sdata.2016.18},
  journaltitle = {Scientific Data},
  urldate = {2017-03-29},
  date = {2016-03-15},
  pages = {160018},
  author = {Wilkinson, Mark D. and Dumontier, Michel and Aalbersberg, IJsbrand Jan and Appleton, Gabrielle and Axton, Myles and Baak, Arie and Blomberg, Niklas and Boiten, Jan-Willem and Santos, Luiz Bonino da Silva and Bourne, Philip E. and Bouwman, Jildau and Brookes, Anthony J. and Clark, Tim and Crosas, Mercè and Dillo, Ingrid and Dumon, Olivier and Edmunds, Scott and Evelo, Chris T. and Finkers, Richard and Gonzalez-Beltran, Alejandra and Gray, Alasdair J. G. and Groth, Paul and Goble, Carole and Grethe, Jeffrey S. and Heringa, Jaap and ’t Hoen, Peter A. C. and Hooft, Rob and Kuhn, Tobias and Kok, Ruben and Kok, Joost and Lusher, Scott J. and Martone, Maryann E. and Mons, Albert and Packer, Abel L. and Persson, Bengt and Rocca-Serra, Philippe and Roos, Marco and van Schaik, Rene and Sansone, Susanna-Assunta and Schultes, Erik and Sengstag, Thierry and Slater, Ted and Strawn, George and Swertz, Morris A. and Thompson, Mark and van der Lei, Johan and van Mulligen, Erik and Velterop, Jan and Waagmeester, Andra and Wittenburg, Peter and Wolstencroft, Katherine and Zhao, Jun and Mons, Barend},
  file = {C:\\LocalData\\hema\\zotero\\storage\\R5VKA84T\\sdata201618.html}
}


@article{smedslundPseudoempiricalPsychologyCase1991,
  title = {The {{Pseudoempirical}} in {{Psychology}} and the {{Case}} for {{Psychologic}}},
  volume = {2},
  issn = {1047-840X},
  url = {http://dx.doi.org/10.1207/s15327965pli0204_1},
  doi = {10.1207/s15327965pli0204_1},
  number = {4},
  journaltitle = {Psychological Inquiry},
  urldate = {2017-03-29},
  date = {1991-10-01},
  pages = {325-338},
  author = {Smedslund, Jan},
  file = {C:\\LocalData\\hema\\zotero\\storage\\GMT6FAEV\\Smedslund_1991_The Pseudoempirical in Psychology and the Case for Psychologic.pdf;C:\\LocalData\\hema\\zotero\\storage\\CRJ42CFD\\s15327965pli0204_1.html}
}


@article{hankonenRandomisedControlledFeasibility2017,
  langid = {english},
  title = {Randomised Controlled Feasibility Study of a School-Based Multi-Level Intervention to Increase Physical Activity and Decrease Sedentary Behaviour among Vocational School Students},
  volume = {14},
  issn = {1479-5868},
  url = {http://ijbnpa.biomedcentral.com/articles/10.1186/s12966-017-0484-0},
  doi = {10.1186/s12966-017-0484-0},
  number = {1},
  journaltitle = {International Journal of Behavioral Nutrition and Physical Activity},
  urldate = {2017-03-22},
  date = {2017-12},
  author = {Hankonen, Nelli and Heino, Matti T. J. and Hynynen, Sini-Tuuli and Laine, Hanna and Araújo-Soares, Vera and Sniehotta, Falko F. and Vasankari, Tommi and Sund, Reijo and Haukkala, Ari},
  file = {C:\\LocalData\\hema\\zotero\\storage\\B9DNJ5GW\\Randomised-controlled-feasibility-study-of-a-school-based-multi-level-intervention-to-increase-physical-activity-and-decrease-sedentary-behaviour-among.pdf}
}


@unpublished{etzIntroductionBayesianInference2017a,
  title = {Introduction to {{Bayesian Inference}} for {{Psychology}}},
  url = {https://osf.io/preprints/psyarxiv/q46q3},
  urldate = {2017-03-21},
  date = {2017-02-13},
  author = {Etz, Alexander and Vandekerckhove, Joachim},
  file = {C:\\LocalData\\hema\\zotero\\storage\\A38R7V9B\\introduction-bayesian-inference.pdf;C:\\LocalData\\hema\\zotero\\storage\\MU3EB2DG\\q46q3.html}
}


@article{boutronMethodsProcessesCONSORT2008,
  langid = {english},
  title = {Methods and {{Processes}} of the {{CONSORT Group}}: {{Example}} of an {{Extension}} for {{Trials Assessing Nonpharmacologic Treatments}}},
  volume = {148},
  issn = {0003-4819},
  url = {http://annals.org/article.aspx?doi=10.7326/0003-4819-148-4-200802190-00008-w1},
  doi = {10.7326/0003-4819-148-4-200802190-00008-w1},
  shorttitle = {Methods and {{Processes}} of the {{CONSORT Group}}},
  number = {4},
  journaltitle = {Annals of Internal Medicine},
  urldate = {2017-03-20},
  date = {2008-02-19},
  pages = {W},
  author = {Boutron, Isabelle}
}


@article{muthenFactorStructureGroups1989,
  title = {Factor Structure in Groups Selected on Observed Scores},
  volume = {42},
  url = {http://onlinelibrary.wiley.com/doi/10.1111/j.2044-8317.1989.tb01116.x/full},
  number = {1},
  journaltitle = {British journal of mathematical and statistical psychology},
  urldate = {2017-03-18},
  date = {1989},
  pages = {81--90},
  author = {Muthén, Bengt O.},
  file = {C:\\LocalData\\hema\\zotero\\storage\\7TTJA242\\muthn1989.pdf}
}


@article{stavriClassificationSystemsBehavioural2012,
  langid = {english},
  title = {Classification Systems in Behavioural Science: Current Systems and Lessons from the Natural, Medical and Social Sciences},
  volume = {6},
  issn = {1743-7199, 1743-7202},
  url = {http://www.tandfonline.com/doi/abs/10.1080/17437199.2011.641101},
  doi = {10.1080/17437199.2011.641101},
  shorttitle = {Classification Systems in Behavioural Science},
  number = {1},
  journaltitle = {Health Psychology Review},
  urldate = {2017-03-15},
  date = {2012-03},
  pages = {113-140},
  author = {Stavri, Zoe and Michie, Susan},
  file = {C:\\LocalData\\hema\\zotero\\storage\\ZVBDJSUP\\stavri2012.pdf}
}


@article{michieBehaviorChangeTechnique2013,
  langid = {english},
  title = {The {{Behavior Change Technique Taxonomy}} (v1) of 93 {{Hierarchically Clustered Techniques}}: {{Building}} an {{International Consensus}} for the {{Reporting}} of {{Behavior Change Interventions}}},
  volume = {46},
  issn = {0883-6612, 1532-4796},
  url = {http://link.springer.com/10.1007/s12160-013-9486-6},
  doi = {10.1007/s12160-013-9486-6},
  shorttitle = {The {{Behavior Change Technique Taxonomy}} (v1) of 93 {{Hierarchically Clustered Techniques}}},
  number = {1},
  journaltitle = {Annals of Behavioral Medicine},
  urldate = {2017-03-15},
  date = {2013-08},
  pages = {81-95},
  author = {Michie, Susan and Richardson, Michelle and Johnston, Marie and Abraham, Charles and Francis, Jill and Hardeman, Wendy and Eccles, Martin P. and Cane, James and Wood, Caroline E.},
  file = {C:\\LocalData\\hema\\zotero\\storage\\ECH9VMMJ\\Michie et al Annals of Behavioral Medicine 2013 - BCT Taxonomy v1.pdf}
}


@article{albarracinTestMajorAssumptions2005,
  title = {A {{Test}} of {{Major Assumptions About Behavior Change}}: {{A Comprehensive Look}} at the {{Effects}} of {{Passive}} and {{Active HIV}}-{{Prevention Interventions Since}} the {{Beginning}} of the {{Epidemic}}},
  volume = {131},
  issn = {0033-2909},
  url = {http://www.ncbi.nlm.nih.gov/pmc/articles/PMC2713787/},
  doi = {10.1037/0033-2909.131.6.856},
  shorttitle = {A {{Test}} of {{Major Assumptions About Behavior Change}}},
  number = {6},
  journaltitle = {Psychological bulletin},
  shortjournal = {Psychol Bull},
  urldate = {2017-03-15},
  date = {2005-11},
  pages = {856-897},
  author = {Albarracín, Dolores and Gillette, Jeffrey C. and Earl, Allison N. and Glasman, Laura R. and Durantini, Marta R. and Ho, Moon-Ho},
  file = {C:\\LocalData\\hema\\zotero\\storage\\63H6QQPG\\Albarracín et al (2005) A Test of Major Assumptions About Behavior Change.pdf},
  eprinttype = {pmid},
  eprint = {16351327},
  pmcid = {PMC2713787}
}


@article{rubinCausalInferenceUsing2005,
  langid = {english},
  title = {Causal {{Inference Using Potential Outcomes}}: {{Design}}, {{Modeling}}, {{Decisions}}},
  volume = {100},
  issn = {0162-1459, 1537-274X},
  url = {http://www.tandfonline.com/doi/abs/10.1198/016214504000001880},
  doi = {10.1198/016214504000001880},
  shorttitle = {Causal {{Inference Using Potential Outcomes}}},
  number = {469},
  journaltitle = {Journal of the American Statistical Association},
  urldate = {2017-03-14},
  date = {2005-03},
  pages = {322-331},
  author = {Rubin, Donald B},
  file = {C:\\LocalData\\hema\\zotero\\storage\\FPN5D9NQ\\016214504000001880.pdf}
}


@article{pearlCommentUnderstandingSimpson2014,
  langid = {english},
  title = {Comment: {{Understanding Simpson}}’s {{Paradox}}},
  volume = {68},
  issn = {0003-1305, 1537-2731},
  url = {http://www.tandfonline.com/doi/abs/10.1080/00031305.2014.876829},
  doi = {10.1080/00031305.2014.876829},
  shorttitle = {Comment},
  number = {1},
  journaltitle = {The American Statistician},
  urldate = {2017-03-14},
  date = {2014-01-02},
  pages = {8-13},
  author = {Pearl, Judea},
  file = {C:\\LocalData\\hema\\zotero\\storage\\UG7IEKAC\\00031305.2014.pdf}
}


@article{burnsExaminingAssociationPsychological2015,
  langid = {english},
  title = {Examining the Association between Psychological Wellbeing with Daily and Intra-Individual Variation in Subjective Wellbeing},
  volume = {82},
  issn = {01918869},
  url = {http://linkinghub.elsevier.com/retrieve/pii/S0191886915001312},
  doi = {10.1016/j.paid.2015.02.023},
  journaltitle = {Personality and Individual Differences},
  urldate = {2017-03-12},
  date = {2015-08},
  pages = {34-39},
  author = {Burns, Richard Andrew and Ma, Jennifer},
  file = {C:\\LocalData\\hema\\zotero\\storage\\XTB5VIKM\\burns2015.pdf}
}


@article{warnerRevisitingSelfregulatoryTechniques2016,
  langid = {english},
  title = {Revisiting Self-Regulatory Techniques to Promote Physical Activity in Older Adults: Null-Findings from a Randomised Controlled Trial},
  volume = {31},
  issn = {0887-0446, 1476-8321},
  url = {https://www.tandfonline.com/doi/full/10.1080/08870446.2016.1185523},
  doi = {10.1080/08870446.2016.1185523},
  shorttitle = {Revisiting Self-Regulatory Techniques to Promote Physical Activity in Older Adults},
  number = {10},
  journaltitle = {Psychology \& Health},
  urldate = {2017-03-12},
  date = {2016-10-02},
  pages = {1145-1165},
  author = {Warner, Lisa M. and Wolff, Julia K. and Ziegelmann, Jochen P. and Schwarzer, Ralf and Wurm, Susanne},
  file = {C:\\LocalData\\hema\\zotero\\storage\\AP37C7SW\\warner2016.pdf}
}


@article{beardUsingBayesFactors2016a,
  langid = {english},
  title = {Using {{Bayes}} Factors for Testing Hypotheses about Intervention Effectiveness in Addictions Research},
  volume = {111},
  issn = {1360-0443},
  doi = {10.1111/add.13501},
  number = {12},
  journaltitle = {Addiction (Abingdon, England)},
  shortjournal = {Addiction},
  date = {2016-12},
  pages = {2230-2247},
  keywords = {Addiction,Bayes factors,Bayesian,hypothesis testing,non-significant,RCT},
  author = {Beard, Emma and Dienes, Zoltan and Muirhead, Colin and West, Robert},
  eprinttype = {pmid},
  eprint = {27347846},
  pmcid = {PMC5111611}
}


@article{gaskinsAddingLegsSnake1999,
  title = {" {{Adding}} Legs to a Snake": {{A}} Reanalysis of Motivation and the Pursuit of Happiness from a {{Zen Buddhist}} Perspective.},
  volume = {91},
  url = {http://psycnet.apa.org/journals/edu/91/2/204/},
  shorttitle = {" {{Adding}} Legs to a Snake"},
  number = {2},
  journaltitle = {Journal of Educational Psychology},
  urldate = {2017-03-12},
  date = {1999},
  pages = {204},
  author = {Gaskins, Robert W.},
  file = {C:\\LocalData\\hema\\zotero\\storage\\W582TGVB\\Gaskins (1999) Adding legs to a snake.pdf;C:\\LocalData\\hema\\zotero\\storage\\M3DEEEB3\\204.html}
}


@article{kougialiPlantingSeedsChange2017,
  title = {Planting the Seeds of Change: {{Directionality}} in the Narrative Construction of Recovery from Addiction},
  url = {http://www.tandfonline.com/doi/abs/10.1080/08870446.2017.1293053},
  shorttitle = {Planting the Seeds of Change},
  journaltitle = {Psychology \& Health},
  urldate = {2017-03-08},
  date = {2017},
  pages = {1--26},
  author = {Kougiali, Zetta G. and Fasulo, Alessandra and Needs, Adrian and Van Laar, Darren},
  file = {C:\\LocalData\\hema\\zotero\\storage\\QW2AC75S\\10.1080@08870446.2017.1293053.pdf}
}


@online{weinschenkPowerWordBecause2013,
  title = {The {{Power}} of the {{Word}} "{{Because}}" {{To Get People To Do Stuff}}},
  url = {https://web.archive.org/web/20170306230957/https://www.psychologytoday.com/blog/brain-wise/201310/the-power-the-word-because-get-people-do-stuff},
  journaltitle = {Psychology Today},
  urldate = {2015-11-05},
  date = {2013-10-15},
  author = {Weinschenk, Susan},
  file = {C:\\LocalData\\hema\\zotero\\storage\\5V8MXTHN\\the-power-the-word-because-get-people-do-stuff.html;C:\\LocalData\\hema\\zotero\\storage\\M3NSZ5JK\\the-power-the-word-because-get-people-do-stuff.html}
}


@online{nationalinstituteforhealthandwelfareSchoolHealthSurvey2015,
  title = {School Health Survey 2015 Results: {{Lifestyle}}},
  url = {https://web.archive.org/web/20170306230805/https://www.thl.fi/fi/tutkimus-ja-asiantuntijatyo/vaestotutkimukset/kouluterveyskysely/tulokset/tulokset-aiheittain/elintavat},
  journaltitle = {Terveyden ja hyvinvoinnin laitos},
  urldate = {2015-12-04},
  date = {2015},
  author = {National institute for Health {and} Welfare},
  file = {C:\\LocalData\\hema\\zotero\\storage\\BFF4VSP9\\elintavat.html}
}


@online{lakens20StatisticianEvaluating2014,
  title = {The 20\% {{Statistician}}: {{Evaluating Estimation Accuracy With}} the {{Award Winning V}}-{{Statistic}}},
  url = {https://web.archive.org/web/20170306230634/http://daniellakens.blogspot.com/2014/11/evaluating-estimation-accuracy-with.html},
  shorttitle = {The 20\% {{Statistician}}},
  urldate = {2016-03-12},
  date = {2014-11-18},
  author = {Lakens, Daniël},
  file = {C:\\LocalData\\hema\\zotero\\storage\\7GN9AGIX\\evaluating-estimation-accuracy-with.html}
}


@book{bowmanSmNonparametricSmoothing2014,
  location = {{University of Glasgow, UK and Università di Padova, Italia}},
  title = {Sm: Nonparametric Smoothing Methods (Version 2.2-5.4)},
  url = {URL http://www.stats.gla.ac.uk/ adrian/sm, http://azzalini.stat.unipd.it/Book_sm},
  date = {2014},
  author = {Bowman, A. W. and Azzalini, A.}
}


@book{hankinHypergeoGaussHypergeometric2016,
  title = {Hypergeo: {{The Gauss Hypergeometric Function}}},
  url = {https://CRAN.R-project.org/package=hypergeo},
  date = {2016},
  author = {Hankin, Robin K. S.}
}


@book{neuwirthRColorBrewerColorBrewerPalettes2014,
  title = {{{RColorBrewer}}: {{ColorBrewer Palettes}}},
  url = {https://CRAN.R-project.org/package=RColorBrewer},
  date = {2014},
  author = {Neuwirth, Erich}
}


@book{wickhamDplyrGrammarData2016,
  title = {Dplyr: {{A Grammar}} of {{Data Manipulation}}},
  url = {https://CRAN.R-project.org/package=dplyr},
  date = {2016},
  author = {Wickham, Hadley and Francois, Romain}
}


@book{phillipsYarrrCompanionEBook2017,
  title = {Yarrr: {{A Companion}} to the e-{{Book}} "{{YaRrr}}!: {{The Pirate}}'s {{Guide}} to {{R}}"},
  url = {https://CRAN.R-project.org/package=yarrr},
  date = {2017},
  author = {Phillips, Nathaniel}
}


@article{eddelbuettelRcppSeamlessIntegration2011,
  title = {Rcpp: {{Seamless R}} and {{C}}++ {{Integration}}},
  volume = {40},
  url = {http://www.jstatsoft.org/v40/i08/},
  number = {8},
  journaltitle = {Journal of Statistical Software},
  date = {2011},
  pages = {1--18},
  author = {Eddelbuettel, Dirk and François, Romain}
}


@book{genzComputationMultivariateNormal2009,
  location = {{Heidelberg}},
  title = {Computation of {{Multivariate Normal}} and t {{Probabilities}}},
  isbn = {978-3-642-01688-2},
  series = {Lecture Notes in Statistics},
  publisher = {{Springer-Verlag}},
  date = {2009},
  author = {Genz, Alan and Bretz, Frank}
}


@book{wickhamDevtoolsToolsMake2016,
  title = {Devtools: {{Tools}} to {{Make Developing R Packages Easier}}},
  url = {https://CRAN.R-project.org/package=devtools},
  date = {2016},
  author = {Wickham, Hadley and Chang, Winston}
}


@book{lakensTOSTERTwoOneSided2016,
  title = {{{TOSTER}}: {{Two One}}-{{Sided Tests}} ({{TOST}}) {{Equivalence Testing}}},
  url = {https://CRAN.R-project.org/package=TOSTER},
  date = {2016},
  author = {Lakens, Daniel}
}


@book{eddelbuettelSeamlessIntegrationRcpp2013,
  location = {{New York}},
  title = {Seamless {{R}} and {{C}}++ {{Integration}} with {{Rcpp}}},
  publisher = {{Springer}},
  date = {2013},
  author = {Eddelbuettel, Dirk}
}


@book{genzMvtnormMultivariateNormal2016,
  title = {Mvtnorm: {{Multivariate Normal}} and t {{Distributions}}},
  url = {http://CRAN.R-project.org/package=mvtnorm},
  date = {2016},
  author = {Genz, Alan and Bretz, Frank and Miwa, Tetsuhisa and Mi, Xuefei and Leisch, Friedrich and Scheipl, Fabian and Hothorn, Torsten}
}


@book{foxCompanionAppliedRegression2011,
  location = {{Thousand Oaks CA}},
  title = {An {{R Companion}} to {{Applied Regression}}},
  edition = {Second},
  url = {http://socserv.socsci.mcmaster.ca/jfox/Books/Companion},
  publisher = {{Sage}},
  date = {2011},
  author = {Fox, John and Weisberg, Sanford}
}


@book{moreyBayesFactorComputationBayes2015a,
  title = {{{BayesFactor}}: {{Computation}} of {{Bayes Factors}} for {{Common Designs}}},
  url = {https://CRAN.R-project.org/package=BayesFactor},
  date = {2015},
  author = {Morey, Richard D. and Rouder, Jeffrey N.}
}


@book{venablesModernAppliedStatistics2002,
  location = {{New York}},
  title = {Modern {{Applied Statistics}} with {{S}}},
  edition = {Fourth},
  url = {http://www.stats.ox.ac.uk/pub/MASS4},
  publisher = {{Springer}},
  date = {2002},
  author = {Venables, W. N. and Ripley, B. D.}
}


@book{petersUserfriendlyscienceQuantitativeAnalysis2016a,
  title = {Userfriendlyscience: {{Quantitative}} Analysis Made Accessible},
  url = {http://userfriendlyscience.com},
  date = {2016},
  author = {Peters, Gjalt-Jorn Ygram}
}


@book{wickhamGgplot2ElegantGraphics2009a,
  title = {Ggplot2: {{Elegant Graphics}} for {{Data Analysis}}},
  isbn = {978-0-387-98140-6},
  url = {http://ggplot2.org},
  publisher = {{Springer-Verlag New York}},
  date = {2009},
  author = {Wickham, Hadley}
}


@book{rinkerPacmanPackageManagement2015,
  location = {{Buffalo, New York}},
  title = {Pacman: {{Package Management}} for {{R}}},
  url = {http://github.com/trinker/pacman},
  publisher = {{University at Buffalo/SUNY}},
  date = {2015},
  author = {Rinker, Tyler W. and Kurkiewicz, Dason}
}


@article{smaldinoNaturalSelectionBad2016,
  langid = {english},
  title = {The Natural Selection of Bad Science},
  volume = {3},
  issn = {2054-5703},
  url = {http://rsos.royalsocietypublishing.org/content/3/9/160384},
  doi = {10.1098/rsos.160384},
  number = {9},
  journaltitle = {Open Science},
  urldate = {2016-11-22},
  date = {2016-09-01},
  pages = {160384},
  author = {Smaldino, Paul E. and McElreath, Richard},
  file = {C:\\LocalData\\hema\\zotero\\storage\\JF36F2P3\\Smaldino_McElreath_2016_The Natural Selection of Bad Science.pdf;C:\\LocalData\\hema\\zotero\\storage\\SB3J7596\\160384.html}
}


@article{loeysCautionaryNotePower2015,
  title = {A Cautionary Note on the Power of the Test for the Indirect Effect in Mediation Analysis},
  volume = {5},
  issn = {1664-1078},
  url = {http://www.ncbi.nlm.nih.gov/pmc/articles/PMC4290592/},
  doi = {10.3389/fpsyg.2014.01549},
  journaltitle = {Frontiers in Psychology},
  shortjournal = {Front Psychol},
  urldate = {2016-11-21},
  date = {2015-01-12},
  author = {Loeys, Tom and Moerkerke, Beatrijs and Vansteelandt, Stijn},
  file = {C:\\LocalData\\hema\\zotero\\storage\\9F3HNMAD\\Loeys et al. - 2015 - A cautionary note on the power of the test for the.pdf},
  eprinttype = {pmid},
  eprint = {25628585},
  pmcid = {PMC4290592}
}


@online{NewTab,
  title = {New {{Tab}}},
  url = {about:newtab},
  urldate = {2016-11-20},
  file = {C:\\LocalData\\hema\\zotero\\storage\\BAAEGV6P\\newtab.html}
}


@article{gandrudReproducibleResearchRStudio,
  title = {Reproducible {{Research}} with {{R}} and {{RStudio Second Edition}}},
  url = {http://radhakrishna.typepad.com/reproducible-research-with-r-and-rstudio---second-edition.pdf},
  urldate = {2016-11-14},
  author = {Gandrud, Christopher},
  file = {C:\\LocalData\\hema\\zotero\\storage\\A8JS4M4P\\reproducible-research-with-r-and-studio-2nd-edition.pdf}
}


@article{pashlerHowPersuasiveGood2000,
  title = {How {{Persuasive Is}} a {{Good Fit}}? {{A Comment}} on {{Theory Testing}}},
  volume = {107},
  url = {http://cindy.informatik.uni-bremen.de/cosy/teaching/CM_2011/Eval1/roberts_00.pdf},
  shorttitle = {How {{Persuasive Is}} a {{Good Fit}}?},
  number = {2},
  journaltitle = {Psychological Review},
  urldate = {2016-11-11},
  date = {2000},
  pages = {358--367},
  author = {Pashler, Harold},
  file = {C:\\LocalData\\hema\\zotero\\storage\\IQM8XCEH\\Pashler (2000) How Persuasive Is a Good Fit.pdf}
}


@article{heklerAgileScienceCreating2016,
  langid = {english},
  title = {Agile Science: Creating Useful Products for Behavior Change in the Real World},
  volume = {6},
  issn = {1869-6716, 1613-9860},
  url = {http://link.springer.com/article/10.1007/s13142-016-0395-7},
  doi = {10.1007/s13142-016-0395-7},
  shorttitle = {Agile Science},
  number = {2},
  journaltitle = {Translational Behavioral Medicine},
  shortjournal = {Behav. Med. Pract. Policy Res.},
  urldate = {2016-11-11},
  date = {2016-06-01},
  pages = {317-328},
  author = {Hekler, Eric B. and Klasnja, Predrag and Riley, William T. and Buman, Matthew P. and Huberty, Jennifer and Rivera, Daniel E. and Martin, Cesar A.},
  file = {C:\\LocalData\\hema\\zotero\\storage\\BZ79ZC5B\\Hekler et al (2016) Agile science.pdf;C:\\LocalData\\hema\\zotero\\storage\\TSG2B7CN\\s13142-016-0395-7.html}
}


@report{gentzkowCodeDataSocial2014,
  title = {Code and Data for the Social Sciences: {{A}} Practitioner’s Guide},
  url = {https://people.stanford.edu/gentzkow/sites/default/files/codeanddata.pdf},
  shorttitle = {Code and Data for the Social Sciences},
  institution = {{Technical report, University of Chicago. Strasser C, Cook R, Michener W, Budden A. 2012 Primer on data management: what you always wanted to know. Technical report, DataONE}},
  urldate = {2016-11-11},
  date = {2014},
  author = {Gentzkow, Matthew and Shapiro, Jesse M.},
  file = {C:\\LocalData\\hema\\zotero\\storage\\2GSR5P4S\\CodeAndData.pdf}
}


@article{okadaOmegaSquaredLess2013,
  title = {Is Omega Squared Less Biased? {{A}} Comparison of Three Major Effect Size Indices in One-Way {{ANOVA}}},
  volume = {40},
  url = {http://jlc.jst.go.jp/DN/JALC/10039307889?from=Google},
  shorttitle = {Is Omega Squared Less Biased?},
  number = {2},
  journaltitle = {Behaviormetrika},
  urldate = {2016-11-10},
  date = {2013},
  pages = {129--147},
  author = {Okada, Kensuke},
  file = {C:\\LocalData\\hema\\zotero\\storage\\7E62X78H\\Okada_2013_Is omega squared less biased.pdf;C:\\LocalData\\hema\\zotero\\storage\\HDGWIG86\\_article.html}
}


@article{spruijt-metzDynamicModelsBehavior2014,
  title = {Dynamic Models of Behavior for Just-in-Time Adaptive Interventions},
  volume = {3},
  url = {https://www.infona.pl/resource/bwmeta1.element.ieee-art-000006850255},
  number = {13},
  journaltitle = {IEEE Pervasive Computing},
  urldate = {2016-11-10},
  date = {2014},
  pages = {13--17},
  author = {Spruijt-Metz, Donna and Nilsen, Wendy},
  file = {C:\\LocalData\\hema\\zotero\\storage\\R468VJ42\\Spruijt-Metz_Nilsen_2014_Dynamic models of behavior for just-in-time adaptive interventions.pdf;C:\\LocalData\\hema\\zotero\\storage\\W6EASV6V\\bwmeta1.element.html}
}


@article{smedslundHypothesistestingPsychologyProceduretesting2002,
  langid = {english},
  title = {From Hypothesis-Testing Psychology to Procedure-Testing Psychologic.},
  volume = {6},
  issn = {1089-2680},
  url = {http://doi.apa.org/getdoi.cfm?doi=10.1037/1089-2680.6.1.51},
  doi = {10.1037//1089-2680.6.1.51},
  number = {1},
  journaltitle = {Review of General Psychology},
  urldate = {2016-11-08},
  date = {2002},
  pages = {51-72},
  author = {Smedslund, Jan},
  file = {C:\\LocalData\\hema\\zotero\\storage\\VK2T7MMS\\gpr_6_1_51.pdf.pdf}
}


@incollection{epskampNetworkPsychometrics2015,
  location = {{New York}},
  title = {Network Psychometrics},
  url = {http://psychosystems.org/files/Literature/NetworkPsychometricsDraft.pdf},
  booktitle = {Handbook of Psychometrics.},
  publisher = {{Wiley}},
  urldate = {2016-11-06},
  date = {2015},
  keywords = {Statistics - Methodology},
  author = {Epskamp, Sacha and Maris, Gunter and Waldorp, Lourens J. and Borsboom, Denny},
  file = {C:\\LocalData\\hema\\zotero\\storage\\ESR5CSPK\\Epskamp et al_2016_Network Psychometrics.pdf;C:\\LocalData\\hema\\zotero\\storage\\9UBCDTND\\1609.html}
}


@online{lutusNoTheoryNo,
  title = {No {{Theory}}, {{No Science}}: {{A}} Critique of Modern Psychology},
  url = {http://arachnoid.com/no_theory_no_science/index.html},
  urldate = {2016-11-06},
  author = {Lutus, Paul},
  file = {C:\\LocalData\\hema\\zotero\\storage\\SZAHBEV8\\arachnoid no_theory_no_science.pdf;C:\\LocalData\\hema\\zotero\\storage\\BJMN3W7H\\index.html}
}


@article{campbellConvergentDiscriminantValidation1959,
  langid = {english},
  title = {Convergent and Discriminant Validation by the Multitrait-Multimethod Matrix},
  volume = {56},
  issn = {1939-1455 0033-2909},
  doi = {10.1037/h0046016},
  number = {2},
  journaltitle = {Psychological Bulletin},
  date = {1959},
  pages = {81-105},
  keywords = {*Statistical Validity,Test Validity},
  author = {Campbell, Donald T. and Fiske, Donald W.}
}


@article{gregorichSelfReportInstrumentsAllow2006,
  title = {Do {{Self}}-{{Report Instruments Allow Meaningful Comparisons Across Diverse Population Groups}}? {{Testing Measurement Invariance Using}} the {{Confirmatory Factor Analysis Framework}}},
  volume = {44},
  issn = {0025-7079},
  url = {http://www.ncbi.nlm.nih.gov/pmc/articles/PMC1808350/},
  doi = {10.1097/01.mlr.0000245454.12228.8f},
  shorttitle = {Do {{Self}}-{{Report Instruments Allow Meaningful Comparisons Across Diverse Population Groups}}?},
  issue = {11 Suppl 3},
  journaltitle = {Medical care},
  shortjournal = {Med Care},
  urldate = {2016-11-06},
  date = {2006-11},
  pages = {S78-S94},
  author = {Gregorich, Steven E.},
  file = {C:\\LocalData\\hema\\zotero\\storage\\7E296T8W\\Gregorich_2006_Do Self-Report Instruments Allow Meaningful Comparisons Across Diverse.pdf},
  eprinttype = {pmid},
  eprint = {17060839},
  pmcid = {PMC1808350}
}


@article{mattssonInvestigatingFactorialInvariance2012,
  title = {Investigating the Factorial Invariance of the 28-Item {{DBQ}} across Genders and Age Groups: {{An Exploratory Structural Equation Modeling Study}}},
  volume = {48},
  issn = {0001-4575},
  url = {http://www.sciencedirect.com/science/article/pii/S0001457512000644},
  doi = {10.1016/j.aap.2012.02.009},
  shorttitle = {Investigating the Factorial Invariance of the 28-Item {{DBQ}} across Genders and Age Groups},
  journaltitle = {Accident Analysis \& Prevention},
  shortjournal = {Accident Analysis \& Prevention},
  series = {Intelligent Speed Adaptation + Construction Projects},
  urldate = {2016-11-06},
  date = {2012-09},
  pages = {379-396},
  keywords = {DBQ,Driver Behavior Questionnaire,ESEM,Exploratory Structural Equation Modeling,Factorial invariance},
  author = {Mattsson, Markus},
  file = {C:\\LocalData\\hema\\zotero\\storage\\ZPXTS8Q8\\Mattsson_2012_Investigating the factorial invariance of the 28-item DBQ across genders and.pdf;C:\\LocalData\\hema\\zotero\\storage\\N36DMR84\\S0001457512000644.html}
}


@article{lakensCalculatingReportingEffect2013a,
  title = {Calculating and Reporting Effect Sizes to Facilitate Cumulative Science: A Practical Primer for t-Tests and {{ANOVAs}}},
  volume = {4},
  url = {http://journal.frontiersin.org/article/10.3389/fpsyg.2013.00863/full},
  doi = {10.3389/fpsyg.2013.00863},
  shorttitle = {Calculating and Reporting Effect Sizes to Facilitate Cumulative Science},
  journaltitle = {Cognition},
  shortjournal = {t},
  urldate = {2016-11-06},
  date = {2013},
  pages = {863},
  keywords = {power analysis,cohen's d,effect sizes,eta-squared,sample size planning},
  author = {Lakens, Daniel},
  file = {C:\\LocalData\\hema\\zotero\\storage\\Z2NRHSK7\\Lakens (2013) Calculating and reporting effect sizes to facilitate cumulative science.pdf}
}


@article{hankonenLetMoveIt2016,
  title = {‘{{Let}}’s {{Move It}}’ – a School-Based Multilevel Intervention to Increase Physical Activity and Reduce Sedentary Behaviour among Older Adolescents in Vocational Secondary Schools: A Study Protocol for a Cluster-Randomised Trial},
  volume = {16},
  issn = {1471-2458},
  url = {http://dx.doi.org/10.1186/s12889-016-3094-x},
  doi = {10.1186/s12889-016-3094-x},
  shorttitle = {‘{{Let}}’s {{Move It}}’ – a School-Based Multilevel Intervention to Increase Physical Activity and Reduce Sedentary Behaviour among Older Adolescents in Vocational Secondary Schools},
  journaltitle = {BMC Public Health},
  shortjournal = {BMC Public Health},
  urldate = {2016-10-31},
  date = {2016},
  pages = {451-466},
  keywords = {behaviour change,Complex intervention,Adolescents,physical activity,school-based intervention,Sedentary Behavior,Accelerometer,Vocational school},
  author = {Hankonen, Nelli and Heino, Matti T. J. and Araujo-Soares, Vera and Sniehotta, Falko F. and Sund, Reijo and Vasankari, Tommi and Absetz, Pilvikki and Borodulin, Katja and Uutela, Antti and Lintunen, Taru and Haukkala, Ari},
  file = {C:\\LocalData\\hema\\zotero\\storage\\CP5WJP49\\Hankonen et al (2016) ‘Let’s Move It’ – a school-based multilevel intervention to increase physical.pdf;C:\\LocalData\\hema\\zotero\\storage\\I84R6S9B\\s12889-016-3094-x.html}
}


@article{moreyWhyMostPsychologyinprep.,
  title = {Why Most of Psychology Is Statistically Unfalsifiable},
  url = {https://github.com/richarddmorey/psychology_resolution},
  journaltitle = {GitHub},
  urldate = {2016-10-23},
  year = {in prep.},
  author = {Morey, D., Richard and Lakens, Daniël},
  file = {C:\\LocalData\\hema\\zotero\\storage\\3W3E6JJI\\response.html}
}


@book{mcelreathStatisticalRethinkingBayesian2016,
  location = {{Boca Raton, Florida}},
  title = {Statistical {{Rethinking}}: {{A Bayesian Course}} with {{Examples}} in {{R}} and {{Stan}}},
  volume = {122},
  shorttitle = {Statistical {{Rethinking}}},
  publisher = {{CRC Press}},
  date = {2016},
  author = {McElreath, Richard},
  file = {C:\\LocalData\\hema\\zotero\\storage\\CDRF5XQP\\rethinking_solutions_2.pdf;C:\\LocalData\\hema\\zotero\\storage\\F9PPNS2R\\rethinking_package.pdf;C:\\LocalData\\hema\\zotero\\storage\\IJ6ZCZ3Q\\code.txt;C:\\LocalData\\hema\\zotero\\storage\\P396GHFU\\statistical_rethinking_W2015 SYLLABUS.pdf;C:\\LocalData\\hema\\zotero\\storage\\QCG543DI\\statisticalrethinking_press.pdf;C:\\LocalData\\hema\\zotero\\storage\\R8SJBMWR\\statisticalrethinking.pdf}
}


@book{bolgerIntensiveLongitudinalMethods2013,
  langid = {english},
  title = {Intensive {{Longitudinal Methods}}: {{An Introduction}} to {{Diary}} and {{Experience Sampling Research}}},
  isbn = {978-1-4625-0692-7},
  shorttitle = {Intensive {{Longitudinal Methods}}},
  pagetotal = {274},
  publisher = {{Guilford Press}},
  date = {2013-01-22},
  keywords = {Business & Economics / Statistics,Education / Statistics,Medical / Nursing / Research & Theory,Psychology / Assessment; Testing & Measurement,Psychology / Statistics},
  author = {Bolger, Niall and Laurenceau, Jean-Philippe}
}


@book{connerHandbookResearchMethods2012,
  title = {Handbook of Research Methods for Studying Daily Life},
  url = {http://dingo.sbs.arizona.edu/
mehl/eReprints/Mehl%26ConnerToC.pdf},
  publisher = {{Guilford Press New York, NY, USA:}},
  urldate = {2016-10-29},
  date = {2012},
  author = {Conner, Tamlin S. and Mehl, Matthias R. and Csikszentmihalyi, Mihaly and Reis, Harry T. and Schwarz, Norbert and Hamaker, Ellen and Wilhelm, Peter and Perrez, Meinrad and Pawlik, Kurt}
}


@article{schonemannMeasurementReasonableIneffectiveness1994,
  title = {Measurement: {{The}} Reasonable Ineffectiveness of Mathematics in the Social Sciences},
  shorttitle = {Measurement},
  journaltitle = {Trends and perspectives in empirical social research},
  date = {1994},
  pages = {149--160},
  author = {Schönemann, Peter H.},
  file = {C:\\LocalData\\hema\\zotero\\storage\\IBWN5H9M\\non-success of measurement in soc.sci.pdf}
}


@article{dalalExpertLensSystemEliciting2011,
  langid = {english},
  title = {{{ExpertLens}}: {{A}} System for Eliciting Opinions from a Large Pool of Non-Collocated Experts with Diverse Knowledge},
  volume = {78},
  issn = {00401625},
  url = {http://linkinghub.elsevier.com/retrieve/pii/S0040162511000734},
  doi = {10.1016/j.techfore.2011.03.021},
  shorttitle = {{{ExpertLens}}},
  number = {8},
  journaltitle = {Technological Forecasting and Social Change},
  urldate = {2016-10-29},
  date = {2011-10},
  pages = {1426-1444},
  author = {Dalal, Siddhartha and Khodyakov, Dmitry and Srinivasan, Ramesh and Straus, Susan and Adams, John},
  file = {C:\\LocalData\\hema\\zotero\\storage\\R229UEUG\\ExpertLens - Dalal et al..pdf}
}


@article{arnulfPredictingSurveyResponses2014,
  title = {Predicting {{Survey Responses}}: {{How}} and {{Why Semantics Shape Survey Statistics}} on {{Organizational Behaviour}}},
  volume = {9},
  issn = {1932-6203},
  url = {http://journals.plos.org/plosone/article?id=10.1371/journal.pone.0106361},
  doi = {10.1371/journal.pone.0106361},
  shorttitle = {Predicting {{Survey Responses}}},
  number = {9},
  journaltitle = {PLOS ONE},
  shortjournal = {PLOS ONE},
  urldate = {2016-10-28},
  date = {2014-09-03},
  pages = {e106361},
  keywords = {Survey research,Surveys,BEHAVIOR,Algorithms,Jobs,Language,Semantics,Vector spaces},
  author = {Arnulf, Jan Ketil and Larsen, Kai Rune and Martinsen, Øyvind Lund and Bong, Chih How},
  file = {C:\\LocalData\\hema\\zotero\\storage\\K74CM6T5\\Arnulf et al (2014) Predicting Survey Responses.pdf;C:\\LocalData\\hema\\zotero\\storage\\RG2N4UH5\\article.html}
}


@article{petersApplicationSystemsThinking2014,
  title = {The Application of Systems Thinking in Health: Why Use Systems Thinking?},
  volume = {12},
  issn = {1478-4505},
  url = {http://dx.doi.org/10.1186/1478-4505-12-51},
  doi = {10.1186/1478-4505-12-51},
  shorttitle = {The Application of Systems Thinking in Health},
  journaltitle = {Health Research Policy and Systems},
  shortjournal = {Health Research Policy and Systems},
  urldate = {2016-10-28},
  date = {2014},
  pages = {51},
  keywords = {complexity,theory,Complex adaptive systems,Methods,systems thinking,Tools},
  author = {Peters, David H.},
  file = {C:\\LocalData\\hema\\zotero\\storage\\BVSK4GUQ\\Peters (2014) The application of systems thinking in health.pdf;C:\\LocalData\\hema\\zotero\\storage\\G4D84ZPJ\\1478-4505-12-51.html}
}


@article{adamAdvancingApplicationSystems2014,
  title = {Advancing the Application of Systems Thinking in Health},
  volume = {12},
  issn = {1478-4505},
  url = {http://dx.doi.org/10.1186/1478-4505-12-50},
  doi = {10.1186/1478-4505-12-50},
  journaltitle = {Health Research Policy and Systems},
  shortjournal = {Health Research Policy and Systems},
  urldate = {2016-10-28},
  date = {2014},
  pages = {50-55},
  author = {Adam, Taghreed},
  file = {C:\\LocalData\\hema\\zotero\\storage\\VQ7C8UX9\\Adam (2014) Advancing the application of systems thinking in health.pdf;C:\\LocalData\\hema\\zotero\\storage\\UJX8U2D9\\1478-4505-12-50.html}
}


@online{HARPSArticleCollections,
  title = {{{HARPS}} | {{Article}} Collections | {{Advancing}} the Application of Systems Thinking in Health},
  url = {http://www.health-policy-systems.com/series/systemsthinking},
  urldate = {2016-10-28},
  file = {C:\\LocalData\\hema\\zotero\\storage\\P7M3ITDK\\systemsthinking.html}
}


@article{haweComplexInterventionsHow2004,
  langid = {english},
  title = {Complex Interventions: How “out of Control” Can a Randomised Controlled Trial Be?},
  volume = {328},
  issn = {0959-8138, 1468-5833},
  url = {http://www.bmj.com/content/328/7455/1561},
  doi = {10.1136/bmj.328.7455.1561},
  shorttitle = {Complex Interventions},
  number = {7455},
  journaltitle = {BMJ},
  shortjournal = {BMJ},
  urldate = {2016-10-28},
  date = {2004-06-24},
  pages = {1561-1563},
  author = {Hawe, Penelope and Shiell, Alan and Riley, Therese},
  file = {C:\\LocalData\\hema\\zotero\\storage\\GI3BHJ72\\Hawe et al (2004) Complex interventions.pdf;C:\\LocalData\\hema\\zotero\\storage\\V3KTFIHP\\1561.html},
  eprinttype = {pmid},
  eprint = {15217878}
}


@article{mcnallyCanNetworkAnalysis2016,
  title = {Can Network Analysis Transform Psychopathology?},
  volume = {86},
  issn = {0005-7967},
  url = {http://www.sciencedirect.com/science/article/pii/S0005796716301103},
  doi = {10.1016/j.brat.2016.06.006},
  journaltitle = {Behaviour Research and Therapy},
  shortjournal = {Behaviour Research and Therapy},
  series = {Contributions from experimental psychopathology to the understanding and treatment of mental disorders},
  urldate = {2016-10-26},
  date = {2016-11},
  pages = {95-104},
  keywords = {network analysis,Bayesian networks,Diagnosis,Latent variable},
  author = {McNally, Richard J.},
  file = {C:\\LocalData\\hema\\zotero\\storage\\UHQFU9DF\\McNally_2016_Can network analysis transform psychopathology.pdf;C:\\LocalData\\hema\\zotero\\storage\\938M5TSI\\S0005796716301103.html}
}


@article{hofmannComplexNetworkPerspective2016,
  langid = {english},
  title = {A {{Complex Network Perspective}} on {{Clinical Science}}},
  volume = {11},
  issn = {1745-6916, 1745-6924},
  url = {http://pps.sagepub.com/content/11/5/597},
  doi = {10.1177/1745691616639283},
  number = {5},
  journaltitle = {Perspectives on Psychological Science},
  shortjournal = {Perspectives on Psychological Science},
  urldate = {2016-10-26},
  date = {2016-09-01},
  pages = {597-605},
  keywords = {Psychopathology,complex networks,nosology,psychotherapy},
  author = {Hofmann, Stefan G. and Curtiss, Joshua and McNally, Richard J.},
  file = {C:\\LocalData\\hema\\zotero\\storage\\BP55UX3Q\\Hofmann et al_2016_A complex network perspective on clinical science.pdf;C:\\LocalData\\hema\\zotero\\storage\\NQ3859D2\\Hofmann et al_2016_A Complex Network Perspective on Clinical Science.pdf;C:\\LocalData\\hema\\zotero\\storage\\IK694J8X\\597.html},
  eprinttype = {pmid},
  eprint = {27694457}
}


@article{meehlPsychologicalDeterminismHuman1970,
  title = {Psychological Determinism and Human Rationality: {{A}} Psychologist’s Reactions to {{Professor Karl Popper}}’s “{{Of Clouds}} and {{Clocks}}.”},
  volume = {4},
  shorttitle = {Psychological Determinism and Human Rationality},
  journaltitle = {Minnesota studies in the philosophy of science},
  date = {1970},
  pages = {310--372},
  author = {Meehl, Paul E.},
  file = {C:\\LocalData\\hema\\zotero\\storage\\2MRMJB5R\\4.12.1_Meehl.pdf}
}


@incollection{feiglDeterminismfreedomBodymindProblems1974,
  location = {{LaSalle, IL}},
  title = {The Determinism-Freedom and Body-Mind Problems},
  volume = {2},
  url = {http://meehl.umn.edu/sites/g/files/pua1696/f/100determinism-freedommind-body.pdf},
  booktitle = {The {{Philosophy}} of {{Karl Popper}}},
  publisher = {{Open Court}},
  urldate = {2016-10-24},
  date = {1974},
  pages = {520-559},
  author = {Feigl, Herbert and Meehl, Paul E. and Schilpp, P. A.},
  file = {C:\\LocalData\\hema\\zotero\\storage\\JV4PKW4F\\100determinism-freedommind-body.pdf}
}


@article{ngSelfDeterminationTheoryApplied2012,
  langid = {english},
  title = {Self-{{Determination Theory Applied}} to {{Health Contexts}}: {{A Meta}}-{{Analysis}}},
  volume = {7},
  issn = {1745-6916, 1745-6924},
  url = {http://pps.sagepub.com/lookup/doi/10.1177/1745691612447309},
  doi = {10.1177/1745691612447309},
  shorttitle = {Self-{{Determination Theory Applied}} to {{Health Contexts}}},
  number = {4},
  journaltitle = {Perspectives on Psychological Science},
  urldate = {2016-10-23},
  date = {2012-07-01},
  pages = {325-340},
  author = {Ng, J. Y. Y. and Ntoumanis, N. and Thogersen-Ntoumani, C. and Deci, E. L. and Ryan, R. M. and Duda, J. L. and Williams, G. C.},
  file = {C:\\LocalData\\hema\\zotero\\storage\\U4APPNI3\\2012_NgNtoumanis_PS.pdf}
}


@article{bullockYesWhatMechanism2010,
  langid = {english},
  title = {Yes, but What’s the Mechanism? (Don’t Expect an Easy Answer).},
  volume = {98},
  issn = {1939-1315, 0022-3514},
  url = {http://doi.apa.org/getdoi.cfm?doi=10.1037/a0018933},
  doi = {10.1037/a0018933},
  shorttitle = {Yes, but What’s the Mechanism?},
  number = {4},
  journaltitle = {Journal of Personality and Social Psychology},
  urldate = {2016-10-23},
  date = {2010},
  pages = {550-558},
  author = {Bullock, John G. and Green, Donald P. and Ha, Shang E.},
  file = {C:\\LocalData\\hema\\zotero\\storage\\WWH8ZFCN\\BullockGreenHa2010.pdf}
}


@article{abrahamTaxonomyBehaviorChange2008,
  title = {A Taxonomy of Behavior Change Techniques Used in Interventions.},
  volume = {27},
  url = {http://psycnet.apa.org/journals/hea/27/3/379/},
  number = {3},
  journaltitle = {Health psychology},
  urldate = {2016-10-23},
  date = {2008},
  pages = {379},
  author = {Abraham, Charles and Michie, Susan},
  file = {C:\\LocalData\\hema\\zotero\\storage\\MJFIX2PW\\Abraham and Michie - 2008 - A taxonomy of behavior change techniques used in i.pdf;C:\\LocalData\\hema\\zotero\\storage\\JZPK8FN3\\379.html}
}


@article{michieABCBehaviourChange2014,
  title = {{{ABC}} of Behaviour Change Theories},
  url = {http://discovery.ucl.ac.uk/1450988/},
  urldate = {2016-10-23},
  date = {2014},
  author = {Michie, Susan and West, Robert and Campbell, Rona and Brown, Jamie and Gainforth, Heather},
  file = {C:\\LocalData\\hema\\zotero\\storage\\W4KP6G5C\\1450988.html}
}


@article{langeWhatWeShould2013,
  langid = {english},
  title = {What {{We Should Expect From Theories}} in {{Social Psychology Truth}}, {{Abstraction}}, {{Progress}}, and {{Applicability As Standards}} ({{TAPAS}})},
  volume = {17},
  issn = {1088-8683, 1532-7957},
  url = {http://psr.sagepub.com/content/17/1/40},
  doi = {10.1177/1088868312453088},
  number = {1},
  journaltitle = {Personality and Social Psychology Review},
  shortjournal = {Pers Soc Psychol Rev},
  urldate = {2016-10-23},
  date = {2013-02-01},
  pages = {40-55},
  keywords = {meta-analysis,social psychology,adversarial collaboration,theory construction,theory evaluation},
  author = {Lange, Paul A. M. Van},
  file = {C:\\LocalData\\hema\\zotero\\storage\\GUECXVQS\\Lange - 2013 - What We Should Expect From Theories in Social Psyc.pdf;C:\\LocalData\\hema\\zotero\\storage\\4TD5J6RS\\40.html},
  eprinttype = {pmid},
  eprint = {22854861}
}


@article{michieAreInterventionsTheorybased2010a,
  title = {Are Interventions Theory-Based? {{Development}} of a Theory Coding Scheme.},
  volume = {29},
  url = {http://psycnet.apa.org/journals/hea/29/1/1/},
  shorttitle = {Are Interventions Theory-Based?},
  number = {1},
  journaltitle = {Health Psychology},
  urldate = {2016-10-23},
  date = {2010},
  pages = {1},
  author = {Michie, Susan and Prestwich, Andrew},
  file = {C:\\LocalData\\hema\\zotero\\storage\\RJG4QMB8\\Michie and Prestwich - 2010 - Are interventions theory-based Development of a t.pdf;C:\\LocalData\\hema\\zotero\\storage\\6TXB35UN\\1.html}
}


@article{bartholomewInterventionMappingProcess1998,
  title = {Intervention Mapping: A Process for Developing Theory and Evidence-Based Health Education Programs},
  volume = {25},
  url = {http://heb.sagepub.com/content/25/5/545.short},
  shorttitle = {Intervention Mapping},
  number = {5},
  journaltitle = {Health Education \& Behavior},
  urldate = {2016-10-23},
  date = {1998},
  pages = {545--563},
  author = {Bartholomew, L. Kay and Parcel, Guy S. and Kok, Gerjo},
  file = {C:\\LocalData\\hema\\zotero\\storage\\ZIB8IXK4\\545.html}
}


@article{deciCognitiveEvaluationTheory1975,
  title = {Cognitive Evaluation Theory and Some Comments on the {{Calder}} and {{Staw}} Critique},
  volume = {31},
  url = {https://selfdeterminationtheory.org/SDT/documents/1975_DeciCascioKrusell.pdf},
  number = {1},
  journaltitle = {Journal of Personality and Social Psychology},
  urldate = {2016-10-21},
  date = {1975},
  pages = {81-86},
  author = {Deci, Edward L. and Cascio, Wayne F. and Krusell, J.},
  file = {C:\\LocalData\\hema\\zotero\\storage\\JPFIQXGD\\Deci and Ryan - 1985 - Cognitive evaluation theory.pdf}
}


@article{gigerenzerPersonalReflectionsTheory2010,
  title = {Personal Reflections on Theory and Psychology},
  volume = {20},
  url = {http://tap.sagepub.com/content/20/6/733.short},
  number = {6},
  journaltitle = {Theory \& Psychology},
  urldate = {2016-10-23},
  date = {2010},
  pages = {733--743},
  author = {Gigerenzer, Gerd},
  file = {C:\\LocalData\\hema\\zotero\\storage\\HWHHXFGK\\Gigerenzer - 2010 - Personal reflections on theory and psychology.pdf;C:\\LocalData\\hema\\zotero\\storage\\A4DFP8I7\\733.html}
}


@article{gigerenzerSurrogatesTheories1998,
  title = {Surrogates for Theories},
  volume = {8},
  url = {http://pubman.mpdl.mpg.de/pubman/item/escidoc:2103150/component/escidoc:2103149/GG_Surrogates_1998.pdf},
  number = {2},
  journaltitle = {Theory and Psychology},
  urldate = {2016-10-23},
  date = {1998},
  pages = {195--204},
  author = {Gigerenzer, Gerd},
  file = {C:\\LocalData\\hema\\zotero\\storage\\BV4W3UBS\\Gigerenzer - 1998 - Surrogates for theories.pdf}
}


@article{deciChangesIntrinsicMotivation1972,
  title = {Changes in {{Intrinsic Motivation}} as a {{Function}} of {{Negative Feedback}} and {{Threats}}.},
  url = {http://eric.ed.gov/?id=ED063558},
  urldate = {2016-10-21},
  date = {1972},
  author = {Deci, Edward L. and Cascio, Wayne F.},
  file = {C:\\LocalData\\hema\\zotero\\storage\\R5G79VWW\\Deci and Cascio - 1972 - Changes in Intrinsic Motivation as a Function of N.pdf;C:\\LocalData\\hema\\zotero\\storage\\57MDV86X\\eric.ed.gov.html}
}


@article{deciEffectsExternallyMediated1971,
  title = {Effects of Externally Mediated Rewards on Intrinsic Motivation.},
  volume = {18},
  url = {http://psycnet.apa.org/journals/psp/18/1/105/},
  number = {1},
  journaltitle = {Journal of personality and Social Psychology},
  urldate = {2016-10-21},
  date = {1971},
  pages = {105},
  author = {Deci, Edward L.},
  file = {C:\\LocalData\\hema\\zotero\\storage\\MC2RUAGQ\\Deci - 1971 - Effects of externally mediated rewards on intrinsi.pdf}
}


@article{lepperUnderminingChildrenIntrinsic1973,
  title = {Undermining Children's Intrinsic Interest with Extrinsic Reward: {{A}} Test of the" Overjustification" Hypothesis.},
  volume = {28},
  url = {http://psycnet.apa.org/journals/psp/28/1/129/},
  shorttitle = {Undermining Children's Intrinsic Interest with Extrinsic Reward},
  number = {1},
  journaltitle = {Journal of Personality and social Psychology},
  urldate = {2016-10-21},
  date = {1973},
  pages = {129},
  author = {Lepper, Mark R. and Greene, David and Nisbett, Richard E.},
  file = {C:\\LocalData\\hema\\zotero\\storage\\P8X23ECU\\Lepper et al. - 1973 - Undermining children's intrinsic interest with ext.pdf}
}


@article{deciWhatWhyGoal2000,
  title = {The "What" and "Why" of Goal Pursuits: {{Human}} Needs and the Self-Determination of Behavior},
  volume = {11},
  url = {http://www.tandfonline.com/doi/abs/10.1207/S15327965PLI1104_01},
  shorttitle = {The" What" and" Why" of Goal Pursuits},
  number = {4},
  journaltitle = {Psychological inquiry},
  urldate = {2016-10-21},
  date = {2000},
  pages = {227--268},
  author = {Deci, Edward L. and Ryan, Richard M.},
  file = {C:\\LocalData\\hema\\zotero\\storage\\3VU8M8FN\\Deci and Ryan - 2000 - The what and why of goal pursuits Human needs.pdf;C:\\LocalData\\hema\\zotero\\storage\\354EDZTC\\S15327965PLI1104_01.html}
}


@incollection{deciCognitiveEvaluationTheory1985,
  title = {Cognitive Evaluation Theory},
  url = {http://link.springer.com/10.1007/978-1-4899-2271-7_3},
  booktitle = {Intrinsic Motivation and Self-Determination in Human Behavior},
  publisher = {{Springer}},
  urldate = {2016-10-21},
  date = {1985},
  pages = {43--85},
  author = {Deci, Edward L. and Ryan, Richard M.},
  file = {C:\\LocalData\\hema\\zotero\\storage\\P2BRWR5X\\10.html}
}


@article{haggerSelfdeterminationTheoryPsychology2008,
  langid = {english},
  title = {Self-Determination {{Theory}} and the Psychology of Exercise},
  volume = {1},
  issn = {1750-984X, 1750-9858},
  url = {http://www.tandfonline.com/doi/abs/10.1080/17509840701827437},
  doi = {10.1080/17509840701827437},
  number = {1},
  journaltitle = {International Review of Sport and Exercise Psychology},
  urldate = {2016-10-21},
  date = {2008-03},
  pages = {79-103},
  author = {Hagger, Martin and Chatzisarantis, Nikos},
  file = {C:\\LocalData\\hema\\zotero\\storage\\TBF6AQI2\\17509840701827437.pdf}
}


@article{kruglanskiTheoryGoalSystems2002,
  title = {A Theory of Goal Systems.},
  url = {http://psycnet.apa.org/psycinfo/2003-04306-006},
  urldate = {2016-10-21},
  date = {2002},
  author = {Kruglanski, Arie W. and Shah, James Y. and Fishbach, Ayelet and Friedman, Ron and Chun, Woo Young and Sleeth-Keppler, David},
  file = {C:\\LocalData\\hema\\zotero\\storage\\G4EBCI3S\\2003-04306-006.html}
}


@inproceedings{kruglanskiGoalSystemsTheory2003,
  title = {Goal Systems Theory: {{Integrating}} the Cognitive and Motivational Aspects of Self-Regulation},
  volume = {9},
  url = {https://www.google.com/books?hl=en&lr=&id=ts14AgAAQBAJ&oi=fnd&pg=PA247&dq=goal+systems+theory&ots=kgGrosSGN7&sig=HML4GLRhaSCNE2hEGgrZfOse-2k},
  shorttitle = {Goal Systems Theory},
  booktitle = {Motivated Social Perception: {{The Ontario}} Symposium},
  urldate = {2016-10-21},
  date = {2003},
  author = {Kruglanski, Arie W.},
  file = {C:\\LocalData\\hema\\zotero\\storage\\PP234HTR\\Kruglanski - 2003 - Goal systems theory Integrating the cognitive and.pdf;C:\\LocalData\\hema\\zotero\\storage\\KU2C2537\\books.html}
}


@article{brownGRIMTestSimple2016,
  langid = {english},
  title = {The {{GRIM Test}}: {{A Simple Technique Detects Numerous Anomalies}} in the {{Reporting}} of {{Results}} in {{Psychology}}},
  issn = {1948-5506, 1948-5514},
  url = {http://spp.sagepub.com/cgi/doi/10.1177/1948550616673876},
  doi = {10.1177/1948550616673876},
  shorttitle = {The {{GRIM Test}}},
  journaltitle = {Social Psychological and Personality Science},
  urldate = {2016-10-20},
  date = {2016-10-18},
  author = {Brown, N. J. L. and Heathers, J. A. J.},
  file = {C:\\LocalData\\hema\\zotero\\storage\\MEQTTNRF\\58076d4008ae63c48fec4bd2.pdf;C:\\LocalData\\hema\\zotero\\storage\\XP3FVTAB\\2064.html}
}


@article{yangUsingAgentbasedModel2013,
  title = {Using an Agent-Based Model to Simulate Children’s Active Travel to School},
  volume = {10},
  issn = {1479-5868},
  url = {http://dx.doi.org/10.1186/1479-5868-10-67},
  doi = {10.1186/1479-5868-10-67},
  journaltitle = {International Journal of Behavioral Nutrition and Physical Activity},
  shortjournal = {International Journal of Behavioral Nutrition and Physical Activity},
  urldate = {2016-10-19},
  date = {2013},
  pages = {67},
  author = {Yang, Yong and Diez-Roux, Ana V.},
  file = {C:\\LocalData\\hema\\zotero\\storage\\K43W9SWZ\\Yang,Diez-Roux (2013) Using an agent-based model to simulate children’s active travel to school.pdf;C:\\LocalData\\hema\\zotero\\storage\\RH99DPVF\\1479-5868-10-67.html}
}


@article{weinbergComingFullCircle2014,
  title = {Coming {{Full Circle}}—{{From Endless Complexity}} to {{Simplicity}} and {{Back Again}}},
  volume = {157},
  issn = {0092-8674},
  url = {http://www.sciencedirect.com/science/article/pii/S0092867414002931},
  doi = {10.1016/j.cell.2014.03.004},
  number = {1},
  journaltitle = {Cell},
  shortjournal = {Cell},
  urldate = {2016-10-19},
  date = {2014-03-27},
  pages = {267-271},
  author = {Weinberg, Robert A.},
  file = {C:\\LocalData\\hema\\zotero\\storage\\4JHI5TA9\\Weinberg (2014) Coming Full Circle—From Endless Complexity to Simplicity and Back Again.pdf;C:\\LocalData\\hema\\zotero\\storage\\MZIT9CKX\\S0092867414002931.html}
}


@article{finkSocialDeterminantsPopulation2016,
  langid = {english},
  title = {Social {{Determinants}} of {{Population Health}}: {{A Systems Sciences Approach}}},
  volume = {3},
  issn = {2196-2995},
  url = {http://link.springer.com/article/10.1007/s40471-016-0066-8},
  doi = {10.1007/s40471-016-0066-8},
  shorttitle = {Social {{Determinants}} of {{Population Health}}},
  number = {1},
  journaltitle = {Current Epidemiology Reports},
  shortjournal = {Curr Epidemiol Rep},
  urldate = {2016-10-19},
  date = {2016-02-02},
  pages = {98-105},
  author = {Fink, David S. and Keyes, Katherine M. and Cerdá, Magdalena},
  file = {C:\\LocalData\\hema\\zotero\\storage\\C2TI8N3C\\Fink et al (2016) Social Determinants of Population Health.pdf;C:\\LocalData\\hema\\zotero\\storage\\RQAPEVKW\\s40471-016-0066-8.html}
}


@article{diezrouxComplexSystemsThinking2011,
  title = {Complex Systems Thinking and Current Impasses in Health Disparities Research},
  volume = {101},
  url = {http://ajph.aphapublications.org/doi/abs/10.2105/AJPH.2011.300149},
  number = {9},
  journaltitle = {American journal of public health},
  urldate = {2016-10-19},
  date = {2011},
  pages = {1627--1634},
  author = {Diez Roux, Ana V.},
  file = {C:\\LocalData\\hema\\zotero\\storage\\R58TCGIP\\AJPH.2011.html;C:\\LocalData\\hema\\zotero\\storage\\Z7HF7QWA\\pmc3154209.html}
}


@article{weaverScienceComplexity1948,
  eprinttype = {jstor},
  eprint = {27826254},
  title = {Science and Complexity},
  volume = {36},
  number = {4},
  journaltitle = {American Scientist},
  date = {1948},
  pages = {536-544},
  author = {Weaver, Warren},
  file = {C:\\LocalData\\hema\\zotero\\storage\\5BUWM4T2\\10.2307@27826254.pdf;C:\\LocalData\\hema\\zotero\\storage\\QT32S2KI\\Science and Complexity3a7e.pdf;C:\\LocalData\\hema\\zotero\\storage\\SSE46SXZ\\WEAVER1947.pdf}
}


@article{gigerenzerMindlessStatistics2004,
  langid = {english},
  title = {Mindless Statistics},
  volume = {33},
  issn = {10535357},
  url = {http://linkinghub.elsevier.com/retrieve/pii/S1053535704000927},
  doi = {10.1016/j.socec.2004.09.033},
  number = {5},
  journaltitle = {The Journal of Socio-Economics},
  urldate = {2016-10-15},
  date = {2004-11},
  pages = {587-606},
  author = {Gigerenzer, Gerd},
  file = {C:\\LocalData\\hema\\zotero\\storage\\MG62ZNVT\\GG_Mindless_2004.pdf}
}


@article{cohenPowerPrimer1992,
  langid = {english},
  title = {A Power Primer},
  volume = {112},
  issn = {0033-2909},
  number = {1},
  journaltitle = {Psychological Bulletin},
  shortjournal = {Psychol Bull},
  date = {1992-07},
  pages = {155-159},
  keywords = {Psychology,Sample size,Chi-Square Distribution},
  author = {Cohen, Jacob},
  file = {C:\\LocalData\\hema\\zotero\\storage\\8V496PHH\\Cohen_1992_A power primer.pdf},
  eprinttype = {pmid},
  eprint = {19565683}
}


@article{cohenStatisticalPowerAbnormalsocial1962,
  langid = {english},
  title = {The Statistical Power of Abnormal-Social Psychological Research: A Review},
  volume = {65},
  issn = {0096-851X},
  shorttitle = {The Statistical Power of Abnormal-Social Psychological Research},
  journaltitle = {Journal of Abnormal and Social Psychology},
  shortjournal = {J Abnorm Soc Psychol},
  date = {1962-09},
  pages = {145-153},
  keywords = {PSYCHOPATHOLOGY/statistics},
  author = {Cohen, Jacob},
  eprinttype = {pmid},
  eprint = {13880271}
}


@article{moscoviciInfluenceConsistentMinority1969,
  eprinttype = {jstor},
  eprint = {2786541},
  title = {Influence of a Consistent Minority on the Responses of a Majority in a Color Perception Task},
  journaltitle = {Sociometry},
  date = {1969},
  pages = {365--380},
  author = {Moscovici, Serge and Lage, Elisabeth and Naffrechoux, Martine}
}


@article{cronbachConstructValidityPsychological1956,
  title = {Construct Validity in Psychological Tests},
  volume = {1},
  url = {https://books.google.com/books?hl=en&lr=&id=k5kASyx3T6YC&oi=fnd&pg=PA174&dq=meehl+cronbach+construct+validity&ots=nUWAV2zLLg&sig=PKZNDN9QA2rnlomQPJUbbeb_Ymc},
  journaltitle = {Minnesota studies in the philosophy of science},
  urldate = {2016-10-14},
  date = {1956},
  pages = {174--204},
  author = {Cronbach, Lee J. and Meehl, Paul E.},
  file = {C:\\LocalData\\hema\\zotero\\storage\\73HZI3SI\\construct.html;C:\\LocalData\\hema\\zotero\\storage\\N5SAQKVS\\books.html}
}


@article{brunnerHowReplicablePsychology2016,
  title = {How Replicable Is Psychology? {{A}} Comparison of Four Methods of Estimating Replicability on the Basis of Test Statistics in Original Studies},
  url = {http://www.utstat.utoronto.ca/
