@Article{husuObjectivelyMeasuredSedentary2016,
  title = {Objectively Measured Sedentary Behavior and Physical Activity of {{Finnish}} 7-to 14-Year-Old Children–associations with Perceived Health Status: A Cross-Sectional Study},
  volume = {16},
  shorttitle = {Objectively Measured Sedentary Behavior and Physical Activity of {{Finnish}} 7-to 14-Year-Old Children–associations with Perceived Health Status},
  number = {1},
  journaltitle = {BMC public health},
  date = {2016},
  pages = {338},
  author = {Pauliina Husu and Henri V{\"a}h{\"a}-Ypy{\"a} and Tommi Vasankari},
  file = {C:\\LocalData\\hema\\zotero\\storage\\3VS9VR5F\\s12889-016-3006-0.html;C:\\LocalData\\hema\\zotero\\storage\\B54NTQQN\\s12889-016-3006-0.html},
}
@Article{makelaPhysicalActivityScreen2016,
  title = {Physical {{Activity}}, {{Screen Time}} and {{Sleep}} among {{Youth Participating}} and {{Non}}-{{Participating}} in {{Organized Sports}}: {{The Finnish Health Promoting Sports Club}} ({{FHPSC}}) {{Study}}},
  volume = {6},
  shorttitle = {Physical {{Activity}}, {{Screen Time}} and {{Sleep}} among {{Youth Participating}} and {{Non}}-{{Participating}} in {{Organized Sports}}},
  journaltitle = {Advances in Physical Education},
  date = {2016},
  author = {Kasper M{\"a}kel{\"a} and Sami Kokko and Lasse Kannas and Jari Villberg and Tommi Vasankari and J. Olli Heinonen and Kai Savonen and Lauri Alanko and Raija Korpelainen and Harri Sel{\"a}nne},
  file = {C:\\LocalData\\hema\\zotero\\storage\\BDH8ZZAF\\Mäkelä et al. - 2016 - Physical Activity, Screen Time and Sleep among You.pdf;C:\\LocalData\\hema\\zotero\\storage\\TXSJ6FY3\\51859.html},
}
@Article{elgarSocioeconomicInequalitiesAdolescent2015,
  langid = {english},
  title = {Socioeconomic Inequalities in Adolescent Health 2002–2010: A Time-Series Analysis of 34 Countries Participating in the {{Health Behaviour}} in {{School}}-Aged {{Children}} Study},
  volume = {385},
  issn = {01406736},
  url = {http://linkinghub.elsevier.com/retrieve/pii/S0140673614614604},
  doi = {10.1016/S0140-6736(14)61460-4},
  shorttitle = {Socioeconomic Inequalities in Adolescent Health 2002–2010},
  number = {9982},
  journaltitle = {The Lancet},
  urldate = {2016-02-24},
  date = {2015-05},
  pages = {2088-2095},
  author = {Frank J Elgar and Timo-Kolja Pf{\"o}rtner and Irene Moor and Bart {De Clercq} and Gonneke W J M Stevens and Candace Currie},
}
@Article{dielemanTrendsFutureHealth2018,
  title = {Trends in Future Health Financing and Coverage: Future Health Spending and Universal Health Coverage in 188 Countries, 2016–40},
  volume = {391},
  shorttitle = {Trends in Future Health Financing and Coverage},
  number = {10132},
  journaltitle = {The Lancet},
  date = {2018},
  pages = {1783--1798},
  author = {Joseph L. Dieleman and Nafis Sadat and Angela Y. Chang and Nancy Fullman and Cristiana Abbafati and Pawan Acharya and Ars{\~A}\"{}ne Kouablan Adou and Aliasghar Ahmad Kiadaliri and Khurshid Alam and Reza Alizadeh-Navaei},
  file = {C:\\LocalData\\hema\\zotero\\storage\\FTDSVKF3\\Dieleman et al. - 2018 - Trends in future health financing and coverage fu;C:\\LocalData\\hema\\zotero\\storage\\4K6ZGAC9\\fulltext.html},
}
@Article{hynynenSystematicReviewSchoolbased2016,
  langid = {english},
  title = {A Systematic Review of School-Based Interventions Targeting Physical Activity and Sedentary Behaviour among Older Adolescents},
  volume = {9},
  issn = {1750-984X},
  doi = {10.1080/1750984X.2015.1081706},
  number = {1},
  journaltitle = {International Review of Sport and Exercise Psychology},
  shortjournal = {Int Rev Sport Exerc Psychol},
  date = {2016-01-01},
  pages = {22-44},
  keywords = {Adolescents,behaviour change techniques,physical activity,school-based intervention,sedentary behaviour},
  author = {S.-T. Hynynen and M. M. {van Stralen} and F. F. Sniehotta and V. Ara{\a'u}jo-Soares and W. Hardeman and M. J. M. Chinapaw and T. Vasankari and N. Hankonen},
  options = {useprefix=true},
  eprinttype = {pmid},
  eprint = {26807143},
  pmcid = {PMC4706019},
}
@Article{hankonenWhatExplainsSocioeconomic2017,
  title = {What Explains the Socioeconomic Status Gap in Activity? {{Educational}} Differences in Determinants of Physical Activity and Screentime},
  volume = {17},
  url = {https://bmcpublichealth.biomedcentral.com/articles/10.1186/s12889-016-3880-5},
  shorttitle = {What Explains the Socioeconomic Status Gap in Activity?},
  number = {1},
  journaltitle = {BMC public health},
  urldate = {2017-05-27},
  date = {2017},
  pages = {144},
  author = {Nelli Hankonen and Matti TJ Heino and Emilia Kujala and Sini-Tuuli Hynynen and Pilvikki Absetz and Vera Ara{\a'u}jo-Soares and Katja Borodulin and Ari Haukkala},
  file = {C:\\LocalData\\hema\\zotero\\storage\\DK55JWZN\\s12889-016-3880-5.html},
}
@Article{vansluijsPhysicalActivityDietary2008,
  title = {Physical Activity and Dietary Behaviour in a Population-Based Sample of {{British}} 10-Year Old Children: The {{SPEEDY}} Study ({{Sport}}, {{Physical}} Activity and {{Eating}} Behaviour: Environmental {{Determinants}} in {{Young}} People)},
  volume = {8},
  shorttitle = {Physical Activity and Dietary Behaviour in a Population-Based Sample of {{British}} 10-Year Old Children},
  number = {1},
  journaltitle = {BMC public health},
  date = {2008},
  pages = {388},
  author = {Esther MF {van Sluijs} and Paula ML Skidmore and Kim Mwanza and Andrew P. Jones and Alison M. Callaghan and Ulf Ekelund and Flo Harrison and Ian Harvey and Jenna Panter and Nicolas J. Wareham},
  options = {useprefix=true},
  file = {C:\\LocalData\\hema\\zotero\\storage\\2426HRDJ\\1471-2458-8-388.html;C:\\LocalData\\hema\\zotero\\storage\\267K5XBJ\\1471-2458-8-388.html},
}
@Article{craigDevelopingEvaluatingComplex2008,
  langid = {english},
  title = {Developing and Evaluating Complex Interventions: The New {{Medical Research Council}} Guidance},
  volume = {337},
  issn = {1756-1833},
  url = {http://www.bmj.com/content/337/bmj.a1655},
  doi = {10.1136/bmj.a1655},
  shorttitle = {Developing and Evaluating Complex Interventions},
  journaltitle = {BMJ},
  shortjournal = {BMJ},
  urldate = {2017-06-28},
  date = {2008-09-29},
  pages = {a1655},
  author = {Peter Craig and Paul Dieppe and Sally Macintyre and Susan Michie and Irwin Nazareth and Mark Petticrew},
  file = {C:\\LocalData\\hema\\zotero\\storage\\K8FQMGSN\\Craig et al_2008_Developing and evaluating complex interventions.pdf;C:\\LocalData\\hema\\zotero\\storage\\JHVPIZZX\\bmj.html},
  eprinttype = {pmid},
  eprint = {18824488},
}
@Article{rogersUsingProgrammeTheory2008a,
  title = {Using {{Programme Theory}} to {{Evaluate Complicated}} and {{Complex Aspects}} of {{Interventions}}},
  volume = {14},
  issn = {1356-3890},
  doi = {10.1177/1356389007084674},
  language = {en},
  number = {1},
  journal = {Evaluation},
  author = {Patricia J. Rogers},
  month = {jan},
  year = {2008},
  pages = {29-48},
}
@Article{vaha-ypyaUniversalAccurateIntensitybased2015,
  title = {A Universal, Accurate Intensity-Based Classification of Different Physical Activities Using Raw Data of Accelerometer},
  volume = {35},
  number = {1},
  journal = {Clinical physiology and functional imaging},
  author = {Henri V{\~A}{\textcurrency}h{\~A}{\textcurrency}-Ypy{\~A}{\textcurrency} and Tommi Vasankari and Pauliina Husu and Jaana Suni and Harri Siev{\"a}nen},
  year = {2015},
  pages = {64--70},
}
@Article{vaha-ypyaValidationCutpointsEvaluating2015,
  title = {Validation of Cut-Points for Evaluating the Intensity of Physical Activity with Accelerometry-Based Mean Amplitude Deviation ({{MAD}})},
  volume = {10},
  number = {8},
  journal = {PLoS One},
  author = {Henri V{\~A}{\textcurrency}h{\~A}{\textcurrency}-Ypy{\~A}{\textcurrency} and Tommi Vasankari and Pauliina Husu and Ari M{\"a}ntt{\"a}ri and Timo Vuorimaa and Jaana Suni and Harri Siev{\"a}nen},
  year = {2015},
  pages = {e0134813},
}
@Article{tremblaySedentaryBehaviorResearch2017,
  title = {Sedentary {{Behavior Research Network}} ({{SBRN}}) \textendash{} {{Terminology Consensus Project}} Process and Outcome},
  volume = {14},
  issn = {1479-5868},
  doi = {10.1186/s12966-017-0525-8},
  journal = {International Journal of Behavioral Nutrition and Physical Activity},
  author = {Mark S. Tremblay and Salom{\a'e} Aubert and Joel D. Barnes and Travis J. Saunders and Valerie Carson and Amy E. Latimer-Cheung and Sebastien F.M. Chastin and Teatske M. Altenburg and Mai J.M. Chinapaw},
  month = {jun},
  year = {2017},
  keywords = {Bouts,Breaks,Interruptions,Lying,Non-screen-based time,Physical inactivity,Reclining,Screen time,Sedentary behavior,Sitting,Standing,Stationary behavior},
  pages = {75},
}
@Article{tibshiraniRegressionShrinkageSelection1996,
  title = {Regression Shrinkage and Selection via the Lasso: A Retrospective},
  volume = {73},
  copyright = {\textcopyright{} 2011 Royal Statistical Society},
  issn = {1467-9868},
  shorttitle = {Regression Shrinkage and Selection via the Lasso},
  doi = {10.1111/j.1467-9868.2011.00771.x},
  language = {en},
  number = {3},
  journal = {Journal of the Royal Statistical Society: Series B (Statistical Methodology)},
  author = {Robert Tibshirani},
  year = {1996},
  keywords = {l1-penalty,Penalization,Regularization},
  pages = {273-282},
}
@Article{vaha-ypyaReliableRecognitionLying2018,
  title = {Reliable Recognition of Lying, Sitting, and Standing with a Hip-Worn Accelerometer},
  volume = {28},
  issn = {1600-0838},
  doi = {10.1111/sms.13017},
  language = {eng},
  number = {3},
  journal = {Scandinavian Journal of Medicine \& Science in Sports},
  author = {H. V{\~A}{\textcurrency}h{\~A}{\textcurrency}-Ypy{\~A}{\textcurrency} and P. Husu and J. Suni and T. Vasankari and H. Siev{\"a}nen},
  month = {mar},
  year = {2018},
  keywords = {body posture,objective measurement,physical activity,sedentary behavior,walking},
  pages = {1092-1102},
  pmid = {29144567},
}
