@Article{heinoBayesianEvaluationBehavior2018,
  title = {Bayesian Evaluation of Behavior Change Interventions: A Brief Introduction and a Practical Example},
  volume = {6},
  issn = {null},
  shorttitle = {Bayesian Evaluation of Behavior Change Interventions},
  doi = {10.1080/21642850.2018.1428102},
  number = {1},
  journal = {Health Psychology and Behavioral Medicine},
  author = {Matti T. J. Heino and Matti Vuorre and Nelli Hankonen},
  month = {jan},
  year = {2018},
  keywords = {Bayes,Bayesian estimation,health behavior change,intervention evaluation,tutorial},
  pages = {49-78},
}
@Article{heinoBayesianEvaluationBehavior2018,
  title = {Bayesian Evaluation of Behavior Change Interventions: A Brief Introduction and a Practical Example},
  volume = {6},
  issn = {null},
  shorttitle = {Bayesian Evaluation of Behavior Change Interventions},
  doi = {10.1080/21642850.2018.1428102},
  number = {1},
  journal = {Health Psychology and Behavioral Medicine},
  author = {Matti T. J. Heino and Matti Vuorre and Nelli Hankonen},
  month = {jan},
  year = {2018},
  keywords = {Bayes,Bayesian estimation,health behavior change,intervention evaluation,tutorial},
  pages = {49-78},
}
@Article{rousseletDifferencesMeansRobust2017,
  title = {Beyond Differences in Means: Robust Graphical Methods to Compare Two Groups in Neuroscience},
  volume = {46},
  copyright = {\textcopyright{} 2017 Federation of European Neuroscience Societies and John Wiley \& Sons Ltd},
  issn = {1460-9568},
  shorttitle = {Beyond Differences in Means},
  doi = {10.1111/ejn.13610},
  language = {en},
  number = {2},
  journal = {European Journal of Neuroscience},
  author = {Guillaume A. Rousselet and Cyril R. Pernet and Rand R. Wilcox},
  year = {2017},
  keywords = {data visualisation,difference asymmetry function,quantile estimation,robust statistics,shift function},
  pages = {1738-1748},
}
@Article{petersDiamondPlotsTutorial2017,
  title = {Diamond {{Plots}}: A Tutorial to Introduce a Visualisation Tool That Facilitates Interpretation and Comparison of Multiple Sample Estimates While Respecting Their Inaccuracy},
  shorttitle = {Diamond {{Plots}}},
  doi = {10.31234/osf.io/fzh6c},
  author = {Gjalt-Jorn Peters},
  month = {apr},
  year = {2017},
}
